1979 3249
236 136 326 177 xxii

237 236 280 271 τὰ
298 236 365 283 γὰρ
385 235 451 272 ἀπὸ
471 239 537 273 τῶν
557 237 710 282 θηλυκῶν
729 235 885 276 Ἰωνικῶς
910 254 970 286 με·

236 298 462 344 ταποιούμενα
495 301 542 337 εἷς
569 301 747 347 οὐδέτερον
773 303 873 348 γένος
900 304 970 349 φυ-

238 362 367 397 λάσσει
395 364 454 398 τὸν
479 365 581 398 αὐτὸν
606 365 713 408 τόνον,
734 364 752 409 ἡ
772 366 904 411 πλευρά
929 365 971 399 τὰ

239 426 382 469 πλευρά·
413 425 519 463 οὕτως
544 425 603 462 οὖν
632 425 685 463 καὶ
710 427 749 462 τὸ
778 426 968 475 “vopeid''

239 489 405 534 παρῆκται
424 487 468 525 Β.

299 551 385 587 126.
430 551 578 587 δίπλακα
614 551 823 605 μαρμαρέην]
850 582 858 591 .
879 583 887 593 .
909 583 916 592 .
940 571 972 590 αι

459 616 480 631 “
493 617 694 662 πορφυρέην
706 614 725 628 '⁷

239 676 317 710 ἕστι
361 677 516 725 συνῳδὸν
559 681 606 727 τῷ
653 680 673 697 “
686 680 842 726 ἰοδνεφὲς
885 677 974 727 εἶρος

240 737 405 784 ἕχουσα”
427 740 480 774 καὶ
504 738 639 788 ((φάρὲ
667 742 873 788 ὑφαίνουσιν
898 746 973 778 ἁλι-

240 800 404 849 πόρφυρα
417 800 441 815 '’
462 802 504 840 T.

239 615 348 649 πᾶσαι
382 614 418 648 δὲ
767 614 870 664 εἶχον·
921 618 974 653 καὶ

323 892 330 900 .
350 893 357 902 .
374 867 528 914 συνῳδὸν
547 867 583 902 δὲ
599 869 700 902 τοῦτο
718 869 764 916 τῷ
783 869 805 886 “
819 868 975 914 ἰοδνεφὲς

831 139 1177 181 PRAEFATIO.

1037 239 1270 287 Ἀρίσταρχον
1288 240 1341 274 καὶ
1355 237 1609 286 Ἀριστοφάνην
1623 239 1771 287 γράφειν

1040 305 1061 323 “
1073 303 1212 349 παρειάς
1225 300 1245 314 ”
1263 302 1327 337 σὺν
1345 305 1392 351 τῷ
1407 302 1444 344 ἶν’,
1466 303 1579 348 ἐπειδὴ
1599 303 1653 338 καὶ
1672 305 1693 320 “
1705 317 1768 338 πα-

1037 367 1158 413 ρειάων
1176 362 1369 402 ἁπαλάων”
1391 365 1484 412 λέγει
1504 363 1551 402 A.

1094 555 1240 591 δίπλακα
1276 550 1487 606 μαρμαρέην]
1523 555 1577 589 καὶ
1614 556 1647 590 αἱ
1678 554 1771 601 Ἀρι-

1042 618 1196 665 στάρχου
1223 618 1275 653 καὶ
1301 618 1319 662 ἡ
1348 618 1534 662 Ζηνοδότου
1561 618 1613 652 καὶ
1640 616 1772 664 ἡἈρι-

1279 682 1300 698 “
1315 680 1514 727 πορφυρέην
1529 678 1549 692 ”’

1045 741 1318 790 ((μαρμαρέην·”
1350 744 1403 777 καὶ
1429 744 1504 777 ἔστι
1532 741 1773 788 πρεπωδέστε-

1041 815 1111 853 ρον·
1142 807 1194 841 καὶ
1217 807 1282 853 γὰρ
1308 806 1362 842 ἐπὶ
1382 808 1450 840 τῶν
1475 807 1616 851 νυμφῶν
1636 803 1773 851 ι(φάρε’

1042 681 1239 727 στοφάνους
1592 677 1696 726 εἶχον,
1735 680 1774 713 οὗ

1043 869 1247 916 ὑφαίνουσιν
1267 866 1518 916 ἁλιπόρφυρα”
1541 866 1589 904 A.

259 924 275 940 τ,ι
344 928 363 940 ‚1
488 926 508 939 υ
566 929 575 941 ς
623 932 636 939 »-
660 932 681 947 ‘g
732 931 739 941 ι
780 930 789 942 ι
817 931 826 942 r
891 932 897 942 ι

241 942 330 974 ΕιρΟς
344 943 476 974 ἔχουσα
525 944 578 964 Kal
591 944 638 977 Τῳ
688 932 780 977 φαρε
810 932 975 977 υφίῑινου-

243 1004 301 1025 σιν
319 992 538 1038 ἁλιπόρφυρα
551 988 571 1002 '’
594 990 636 1029 Β.

987 1082 1033 1119 V.

300 1158 389 1205 368.
420 1155 489 1193 οὐδ’
505 1160 631 1202 ἔβαλόν
649 1157 723 1213 μιν]
745 1163 854 1197 πᾶσαι
872 1162 977 1197 (ιοῦδέ

244 1220 508 1267 δάμασ<σ>α.”
552 1222 581 1270 ξ.
603 1225 774 1270 γράφεται
795 1226 848 1260 καὶ
868 1227 889 1244 “
906 1225 976 1260 οὐδ’

242 1286 371 1328 ἔβαλόν
388 1283 472 1331 μιν”
503 1285 546 1323 Τ.

1100 1159 1172 1198 ουδ’
1196 1163 1324 1205 ἔβαλόν
1348 1157 1422 1213 μιν]
1449 1161 1565 1200 ουτως·
1590 1160 1779 1209 Ἀμμώνιος

1045 1226 1081 1260 ἐν
1109 1228 1156 1274 τῷ
1183 1227 1269 1272 πρὸς
1297 1223 1503 1270 Ἀθηνοκλεα
1536 1227 1778 1273 συγγράμματι

1046 1289 1170 1333 ὁμοίως
1198 1285 1289 1334 εἶχεν
1318 1285 1424 1323 “οὐδ’
1456 1289 1648 1333 ἐδάμασσα
1658 1287 1677 1302 ”
1726 1302 1779 1323 και

1046 1352 1121 1386 ἔστι
1141 1352 1289 1396 συνᾷδον
1307 1353 1378 1386 τοῖς
1396 1352 1592 1398 λεγομένοις
1614 1352 1781 1397 πρότερον

1045 1414 1112 1449 ὑπὸ
1138 1416 1198 1448 τοῦ
1218 1413 1395 1448 Μενελάου
1419 1415 1440 1433 “
1453 1414 1525 1448 δῖον
1542 1412 1780 1460 Ἀλέξανδρον,

1047 1477 1101 1511 καὶ
1121 1477 1201 1521 ε’μῇς
1220 1477 1284 1512 ὑπὸ
1304 1477 1409 1523 χερσὶ
1430 1477 1570 1522 δαμῆναι
1582 1475 1602 1490 ”
1632 1473 1680 1513 Α.

315 1590 500 1639 Eadem
523 1609 626 1640 esse
646 1590 697 1639 in
717 1591 756 1639 T
776 1594 825 1639 et
850 1590 894 1638 B
920 1589 1102 1639 scholia
1122 1589 1205 1638 illa
1224 1590 1391 1639 critica
1412 1591 1542 1638 ultro
1563 1590 1778 1655 adparet.

248 1668 512 1717 Consentit
555 1670 593 1716 T
631 1669 784 1718 etiam
825 1687 937 1717 cum
979 1668 1036 1726 A,
1081 1675 1247 1716 tamen
1290 1686 1482 1733 semper
1525 1669 1626 1716 fere
1669 1686 1781 1716 cum

247 1745 549 1794 interlineari
592 1747 711 1811 (A-::-)
760 1751 808 1795 et
854 1746 1245 1811 intermarginali
1280 1746 1388 1810 (At)
1436 1746 1774 1794 adnotatione:

248 1842 345 1888 quo
371 1841 608 1872 consensu
634 1824 768 1889 origo
794 1824 962 1872 eadem
988 1824 1209 1873 efficitur.

317 1901 424 1949 Iam
459 1920 622 1950 meum
660 1908 790 1950 esset
826 1902 886 1950 de
922 1901 1116 1949 scholiis
1150 1901 1416 1966 exegeticis
1455 1901 1613 1967 qualis
1653 1901 1783 1950 inter

250 1979 351 2028 BT
389 1986 439 2028 et
468 1980 510 2028 A
546 1979 853 2028 necessitudo
894 1980 1167 2028 intercedat
1208 1979 1475 2044 explorare,
1521 1980 1782 2027 dummodo

249 2057 482 2106 hodierno
507 2058 627 2105 illud
657 2058 899 2122 adparatu
925 2057 1032 2105 fieri
1058 2064 1232 2122 posset.
1273 2058 1456 2106 Verum
1481 2057 1629 2105 donec
1653 2058 1785 2104 iusta

251 2136 541 2183 scholiorum
562 2139 608 2182 D
627 2135 841 2183 recensio
861 2135 1176 2192 desideratur,
1197 2135 1267 2183 rei
1287 2153 1526 2183 summam
1546 2135 1784 2182 indicasse

252 2213 468 2261 sufficere
515 2214 677 2261 debet.
763 2214 1007 2261 Teneatur
1043 2214 1200 2279 igitur
1236 2230 1464 2278 magnam
1501 2212 1582 2260 vel
1618 2213 1785 2276 potius

251 2291 516 2338 maximam
540 2290 833 2339 redactionis
860 2291 906 2339 D
932 2297 1122 2356 partem
1146 2291 1389 2339 codicibus
1413 2290 1455 2337 A
1477 2291 1518 2338 B
1539 2291 1578 2338 T
1604 2290 1783 2340 iterari.

975 2495 1059 2545 IV.

320 2595 451 2644 Nolo
475 2600 643 2645 tamen
667 2595 894 2644 futurum
919 2594 1214 2643 scholiorum
1231 2594 1275 2642 D
1295 2595 1533 2643 editorem
1559 2594 1787 2644 subsidiis

255 2674 446 2722 duobus
469 2674 684 2722 fraudari
713 2691 871 2738 nuper
894 2692 923 2722 a
946 2691 1023 2721 me
1047 2667 1268 2738 repertis,
1295 2691 1419 2738 quae
1444 2674 1574 2722 inter
1597 2692 1653 2722 ea
1676 2692 1786 2722 con-

255 2752 358 2801 loco
397 2753 576 2817 quibus
617 2752 757 2817 quasi
797 2751 1130 2799 fundamentis
1165 2770 1292 2799 nova
1326 2753 1537 2800 recensio
1572 2751 1788 2801 inaedifi-

257 2831 413 2878 canda
438 2836 524 2878 est.

332 2924 369 2956 Ι,
407 2908 533 2957 Puto
559 2908 688 2957 enim
707 2913 964 2957 vetustum
991 2926 1030 2957 s.
1058 2907 1249 2955 X-—XI
1274 2907 1485 2956 codicem
1511 2925 1573 2956 ex
1598 2906 1786 2955 duobus

259 2983 547 3048 fragmentis
594 2985 748 3035 altero
808 2987 1029 3036 Romano
1078 2985 1362 3034 Matritensi
1414 2986 1568 3034 altero
1613 2984 1786 3048 refingi
