1979 3249
747 95 1097 139 PRAEFATIO.
1645 97 1689 137 xi

153 211 277 260 Tum
303 210 425 259 liber
450 228 512 260 ex
538 208 870 260 Salviatorum
895 209 1080 276 pluteis
1103 210 1343 259 incertum
1368 211 1548 276 quibus
1573 211 1689 261 fatis

152 289 357 338 Romam
399 289 592 347 delatus
629 295 704 337 est
749 288 916 354 ibique
951 307 994 338 a.
1028 302 1146 352 1771
1177 308 1207 337 a
1242 289 1417 338 Carolo
1455 290 1689 356 Townley

153 367 256 414 viro
282 366 430 415 nobili
460 367 699 415 Britanno
730 373 924 432 emptus
959 373 1009 415 et
1046 367 1325 416 Londinum
1360 374 1642 432 asportatus
1658 375 1688 417 1.

153 444 324 493 Patuit
371 464 411 494 a.
464 460 591 507 1790
640 445 911 510 Gottingae
959 450 1011 493 et
1048 446 1243 510 Heynio
1292 451 1343 494 et
1383 445 1685 506 Noelidenio,

153 523 341 588 Heynii
377 523 644 588 discipulo;
681 522 762 571 ille
799 523 968 570 Iliadis
1003 541 1119 571 suae
1144 524 1237 571 vol.
1265 524 1348 572 III
1377 542 1497 589 sqq„
1523 525 1600 574 hic
1636 525 1688 574 in

152 600 570 666 disputatiuncula
595 601 655 649 de
685 601 878 649 scholiis
914 601 1175 666 Porphyrii
1200 602 1336 649 Gott.
1371 617 1496 664 1799
1533 622 1690 669 pauca

151 679 388 744 vulgavit.
459 681 518 727 A.
554 684 678 739 1814
712 679 939 743 Burneyo
973 678 1159 726 doctori
1195 680 1495 728 Londinensi
1531 682 1689 731 veniit

152 756 525 821 Townlcyanus,
564 756 773 821 denique
815 774 925 804 cum
968 755 1077 804 aliis
1113 756 1420 821 Burneyanis
1455 777 1484 806 a
1519 758 1688 809 Museo

151 834 436 883 Britannico
468 840 777 899 comparatus
812 840 887 882 est
907 840 933 882 2.
990 834 1065 882 Ibi
1097 834 1250 899 igitur
1279 835 1316 884 Ι.
1344 836 1400 885 A.
1430 836 1688 886 Cramerus

151 911 339 978 eclogas
375 930 487 960 suas
520 912 822 977 deprompsit
857 912 1043 960 Anecd.
1080 912 1231 961 Paris.
1261 913 1342 961 HI
1380 914 1550 980 (1841)
1593 930 1681 977 271

150 1008 256 1055 sqq.
338 990 441 1038 Iam
483 1008 589 1038 cum
636 1008 811 1039 novam
855 990 1150 1039 scholiorum
1187 991 1239 1038 in
1277 990 1483 1040 Iliadem
1526 1011 1688 1041 recen-

151 1068 335 1117 sionem
361 1068 669 1117 Universitas
701 1069 993 1118 Oxoniensis
1029 1087 1116 1134 per
1141 1069 1451 1118 Dindorfium
1490 1071 1688 1120 institu-

148 1153 266 1204 eret,
293 1146 613 1211 Townleyani
637 1147 981 1212 apographum
1011 1146 1363 1212 Delegatorum
1388 1149 1523 1197 iussu
1551 1149 1608 1198 D.
1629 1151 1686 1199 B.

150 1224 321 1272 Monro
361 1225 583 1273 confecit.
656 1225 834 1274 Finitis
868 1225 1166 1274 Venetorum
1204 1225 1252 1273 A
1288 1232 1339 1274 et
1375 1227 1417 1274 B
1453 1232 1688 1292 quattuor

148 1302 481 1351 voluminibus
506 1302 729 1352 editurus
754 1303 904 1352 etiam
929 1303 1312 1368 Townleyanum
1338 1321 1440 1353 rem
1464 1306 1536 1354 ita
1560 1305 1687 1355 inco-

150 1434 204 1470 διὰ
234 1434 268 1470 τί
301 1434 366 1469 ἀπὸ
397 1436 455 1479 τῆς
485 1434 622 1480 μήνιδος
649 1435 786 1480 ἤρξατο,
821 1434 909 1470 οὕτω
944 1434 1131 1481 δυσφήμου
1165 1436 1352 1482 ὀνόματος;
1392 1437 1446 1472 διὰ
1477 1437 1537 1473 δύο
1569 1442 1686 1474 ταῦτα·

149 1492 284 1535 πρῶτον
302 1489 372 1535 μέν,
393 1487 432 1523 ’ἶν’
453 1489 488 1524 ἐκ
517 1492 576 1524 τοῦ
600 1491 729 1526 πάθους
751 1489 1010 1536 ἀποκαθαρεῦσῃ
1037 1491 1075 1524 τὸ
1101 1493 1254 1526 τοιοῦτον
1281 1493 1400 1537 μόριον
1423 1493 1482 1537 τῆς
1504 1494 1613 1538 μάχης
1628 1492 1686 1543 (I),

150 1545 203 1578 καὶ
233 1543 563 1589 προσεκτικωτέρους
594 1544 674 1580 τοὺς
706 1544 873 1589 ἀκροατὰς
906 1545 960 1579 ἐπὶ
992 1547 1052 1578 τοῦ
1081 1545 1245 1591 μεγέθους
1275 1545 1402 1590 ποιήσῃ
1435 1548 1487 1581 καὶ
1518 1547 1686 1593 προεθίσῃ

149 1597 268 1644 φέρειν
294 1598 451 1643 γενναίως
470 1597 554 1642 ἡμᾶς
579 1599 619 1632 τὰ
643 1597 733 1642 πάθη
753 1595 800 1646 (c.
825 1607 875 1644 50
897 1597 973 1634 liti.
996 1596 1089 1644 0111.)
1110 1596 1288 1647 xpm—(2
1313 1598 1403 1648 om.)
1423 1601 1561 1645 μέλλων
1580 1602 1686 1637 πολέ-

148 1667 233 1697 μους
263 1651 506 1698 ἀπαγγέλλειν·
544 1651 702 1698 δεύτερον
739 1652 786 1693 δέ,
822 1651 875 1687 ἵνα
913 1653 954 1687 τὰ
988 1652 1135 1699 ἐγκώμια
1166 1656 1233 1687 τῶν
1262 1653 1437 1698 Ἑλλήνων
1472 1656 1688 1703 πιθανώτερα

148 1705 287 1751 ποιήσῃ·
317 1705 389 1741 ἐπεὶ
418 1706 453 1740 δέ
483 1707 605 1750 ἔμελλε
634 1709 790 1742 νικῶντας
809 1706 1011 1752 ἀποφαίνειν
1033 1707 1111 1742 τοὺς
1131 1706 1314 1752 ”Ελληνας,
1346 1709 1480 1745 εἰκότως
1514 1710 1553 1744 οὐ
1585 1724 1687 1745 κατα-

149 1759 264 1807 τρέχει
291 1759 583 1807 ἀξιοπιστώτερον
600 1757 646 1809 (l)
667 1761 703 1794 ἐκ
731 1763 792 1795 τοῦ
821 1760 865 1805 μὴ
894 1762 1005 1795 πάντα
1033 1760 1236 1807 χαρίζεσθαι
1265 1764 1335 1798 τοῖς
1363 1763 1498 1798 ἐκείνων
1526 1762 1686 1801 ἐπαίνοις·

148 1814 275 1861 ἤρξατο
297 1814 358 1859 μὲν
379 1814 445 1849 ἀπὸ
473 1813 621 1859 μήνιδος,
641 1815 779 1861 ἐπείπερ
799 1813 881 1860 αὕτη
901 1817 971 1851 τοῖς
995 1817 1188 1861 πρακτικοῖς
1213 1816 1374 1853 ὑπόθεσις
1392 1817 1541 1864 γέγονεν·
1571 1818 1688 1856 ἄλλως

148 1883 185 1904 τε
206 1869 259 1903 καὶ
278 1869 479 1916 τραγῳδίαις
496 1870 655 1914 τραγικὸν
673 1869 788 1915 ἐξεῦρε
806 1870 993 1916 προοίμιον·
1051 1870 1103 1904 καὶ
1125 1870 1192 1916 γὰρ
1214 1872 1458 1916 προσεκτικοὺς
1477 1871 1561 1916 ἡμᾶς
1581 1872 1599 1917 ἡ
1620 1877 1687 1909 τῶν

150 1923 337 1969 σχημάτων
356 1920 401 1972 (l)
425 1923 581 1969 διήγησις
600 1922 763 1970 ἠργάζετο
786 1921 842 1973 (!)‚
864 1925 917 1958 καὶ
946 1924 990 1959 ὡς
1009 1923 1122 1970 ἰατρὸς
1148 1924 1289 1970 ι’ίριστος
1310 1929 1445 1971 πρῶτον
1464 1925 1687 1963 ἀναστέλλων

148 1978 189 2012 τὰ
210 1975 383 2022 νοσήματα
402 1978 460 2022 τῆς
479 1978 598 2024 ψυχῆς
617 1977 762 2023 ὕστερον
780 1978 838 2022 τὴν
856 1976 950 2012 ’laam
969 1978 1095 2024 ἐπάγει.
1152 1978 1350 2023 Ἑλληνικὸν
1370 1980 1404 2014 δὲ
1430 1981 1468 2014 τὸ
1488 1982 1574 2026 πρὸς
1593 1982 1686 2016 τέλει

149 2031 209 2067 τὰς
229 2030 347 2076 ἡδονὰς
366 2031 515 2077 ἐπάγειν·
545 2031 661 2066 ἷστέον
680 2032 728 2066 δέ·
758 2033 876 2078 ὥσπερ
897 2032 951 2067 ἐπὶ
973 2034 1077 2077 συκῆς
1097 2035 1231 2078 πρῶτον
1249 2034 1310 2076 μὲν
1330 2033 1451 2079 φύλλα
1472 2031 1518 2084 (!)
1541 2035 1686 2072 ὅλυνθος

150 2082 221 2120 εἶτα
241 2084 353 2131 φῦλης
368 2083 411 2135 (l)
433 2088 538 2120 σῦκον
557 2086 670 2131 ἰσχάς,
692 2084 780 2121 οὕτω
801 2090 935 2132 πρῶτον
958 2086 1042 2133 ὀργὴ
1063 2087 1167 2131 θυμὸς
1185 2088 1291 2133 χόλος
1310 2089 1406 2125 κότος
1425 2090 1530 2133 μῆνις·
1551 2089 1640 2134 ὅμως
1666 2092 1684 2125 ὁ

149 2139 287 2183 ποιητὴς
313 2140 356 2175 ὡς
387 2139 595 2183 συνωνύμοις
618 2139 783 2183 ὀνόμασιν
805 2141 860 2175 ἐπὶ
887 2139 1106 2190 Ἀχιλλεῖ(Ῐ)
1119 2142 1253 2186 χρῆται’
1286 2144 1307 2160 “
1324 2141 1359 2186 ἢέ
1391 2145 1497 2187 χόλον
1523 2143 1686 2179 παύσειεν

150 2192 325 2238 ἐρητύσειέ
350 2208 386 2227 τε
413 2192 551 2236 θυμόν.”
584 2194 691 2228 “οὐδ’
722 2195 841 2238 ὄθομαι
865 2193 1069 2231 κοτέοντος,”
1110 2197 1130 2213 “
1147 2196 1252 2241 αὐτὰρ
1281 2195 1298 2229 ὃ
1324 2195 1417 2241 μήνιε
1448 2199 1546 2240 νηυσὶ
1576 2198 1683 2243 παρή-

148 2245 281 2289 μενος.”
337 2242 522 2297 μῆνις]ἀπὸ
548 2249 609 2281 τοῦ
633 2247 720 2291 μένω
751 2249 856 2292 μῆνις,
886 2249 930 2284 ὡς
961 2246 1175 2297 ἑνὸς(1)ἧνις.
1231 2251 1263 2284 οἱ
1291 2250 1327 2284 δὲ
1353 2251 1431 2297 περὶ
1458 2253 1607 2286 Γλαῦκον
1626 2254 1686 2287 τὸν

149 2301 284 2346 Ταρσέα
304 2298 420 2345 ἠξίουν
438 2299 568 2345 ὀξύνειν
587 2302 625 2335 τὸ
645 2300 759 2345 ὄνομα,
779 2302 839 2335 οὐκ
859 2301 977 2347 ὀρθῶς.

206 2353 356 2390 Deinde
387 2352 435 2390 ad
470 2366 504 2390 v.
540 2366 560 2401 3
593 2350 741 2405 πολλάς]
769 2351 1128 2407 πόσον-ἰφθίμους]
1162 2353 1466 2408 ποῖον-ψυχάς]
1498 2359 1676 2395 οὐσίαν.-

144 2404 254 2459 ’Λιδι]
284 2405 647 2459 τόποι-προΐαψεν]
670 2411 805 2455 χρόνον.
863 2408 1002 2446 Postea
1025 2408 1073 2445 ad
1094 2422 1129 2446 V.
1154 2419 1175 2456 5
1199 2412 1277 2447 Διὸς
1299 2411 1425 2458 βουλή]
1453 2411 1547 2459 λέγει
1574 2417 1631 2449 νῦν
1664 2417 1682 2449 ὁ

149 2463 287 2507 ποιητὴς
300 2462 361 2507 τὴν
379 2463 601 2509 ἐπαγγελείαν
617 2461 663 2512 (ἕ)
679 2463 738 2508 τὴν
760 2465 844 2508 πρὸς
857 2464 979 2499 Θέτιδα
999 2467 1019 2482 “
1036 2465 1116 2500 Ζεὺς
1131 2467 1192 2509 μὲν
1214 2465 1277 2511 ι’ίρα
1297 2468 1456 2511 Τρώεσσι
1477 2469 1528 2502 καὶ
1543 2467 1683 2515 ’Ἕκτορι

149 2516 299 2558 βούλετο
326 2516 451 2561 νὶκην.”
509 2517 691 2562 Εὐκλείδης
708 2517 746 2551 δέ
769 2519 889 2564 φησιν,
911 2518 961 2553 ὅτι
990 2519 1054 2564 οὐχ
1075 2520 1119 2555 ὡς
1145 2520 1305 2564 ἑπόμενον
1323 2521 1391 2555 τοῖς
1411 2522 1556 2565 πρώτοις
1582 2526 1683 2557 τοῦτο

150 2569 288 2616 εἴρηται,
327 2570 404 2605 ἀλλ’
444 2572 488 2607 ὡς
528 2572 778 2618 κεχωρισμένον
809 2573 861 2607 καὶ
900 2572 970 2607 καθ’
1010 2574 1108 2607 ἑαυτὸ
1145 2575 1337 2620 λεγόμενον·
1379 2574 1397 2618 ἡ
1430 2575 1465 2609 δέ
1503 2579 1563 2610 τοῦ
1603 2578 1683 2613 Διὸς

152 2627 173 2642 “
189 2625 353 2659 ἐτελείετο
372 2624 481 2669 βουλή
499 2623 518 2637 ”
547 2628 593 2673 τῷ
610 2626 688 2662 τοὺς
705 2625 899 2670 ἠδικηκότας
913 2627 1011 2671 ἀξίαν
1024 2628 1138 2661 δοῦναι
1155 2627 1245 2672 δίκην
1258 2629 1303 2662 ὧν
1317 2627 1490 2673 ἠδίκησαν,
1508 2629 1591 2676 ὅπερ
1608 2631 1683 2666 ἐστὶ

148 2677 246 2714 τέλος
269 2680 307 2722 τῇ
335 2678 463 2713 Ἰλιάδι.
524 2678 640 2715 Plura
668 2679 886 2717 adscribere
906 2680 1014 2730 piget
1035 2710 1040 2716 .
1066 2710 1072 2717 .
1095 2709 1102 2717 .
1125 2680 1170 2717 Id
1193 2685 1297 2719 certo
1317 2682 1506 2718 affirmare
1528 2695 1681 2731 possum

150 2743 229 2768 esse
259 2734 436 2778 συλλογὴν
464 2746 510 2768 ex
540 2733 658 2769 variis
687 2734 859 2783 antiquis
889 2735 1195 2783 expositionibus
1226 2736 1439 2777 collectam,
1471 2750 1556 2773 cum
1582 2751 1682 2775 unus

150 2784 329 2834 idemque
351 2785 453 2822 locus
469 2787 600 2835 paucis
614 2787 774 2825 mutatis
789 2788 950 2826 subinde
971 2793 1183 2839 repetatur,
1199 2794 1267 2827 aut
1284 2790 1457 2827 divorsae
1472 2792 1681 2829 eorundem

150 2839 354 2876 verborum
386 2839 594 2878 afferantur
621 2842 896 2891 explicationes
925 2843 1135 2894 praemissa
1166 2858 1255 2882 voco
1287 2846 1422 2881 ι’ίλλωςῑ
1463 2858 1560 2893 quae
1594 2860 1681 2896 pro-

150 2893 234 2944 pria
256 2897 346 2930 nota
366 2897 424 2930 est
444 2894 785 2933 collectaneorum?

206 2948 217 2999 J
244 2948 302 2985 Cf.
325 2947 494 2986 editores
519 2949 599 2986 Pal.
623 2950 705 2987 Soc.
729 2953 791 2999 67.
1253 2951 1267 2972 ²
1298 2952 1461 2991 Ibidem.
