1979 3249
239 121 317 164 viii
829 122 1177 165 PRAEFATIO.

239 234 500 293 constabit,
537 235 679 283 modo
715 235 876 300 ipsum
912 235 1091 284 librum
1130 237 1437 303 inspexerint
1453 243 1481 287 1.
1551 238 1770 288 Patriam

239 313 417 361 codicis
452 313 669 361 Athoem
703 319 922 361 montem
957 314 1277 378 probabiliter
1306 335 1352 381 p.
1386 320 1478 376 287
1510 317 1771 365 adsecutus

239 409 360 439 sum.
432 391 634 440 Certum
672 396 747 438 est
783 390 1161 456 Townleyanum
1187 400 1238 441 et
1262 393 1505 443 Venetum
1531 395 1571 442 B
1597 395 1771 443 Eusta-

238 469 430 533 thiique
449 468 499 515 in
519 468 725 516 Iliadem
750 469 1135 530 commentarios,
1157 470 1251 519 alia
1276 478 1334 519 ut
1358 478 1561 531 taceam,
1581 472 1770 521 saeculo

239 545 366 594 XIV
390 546 451 594 ab
476 546 644 593 eodem
679 545 888 604 homine,
916 548 1084 595 eodem
1122 548 1303 596 scilicet
1338 548 1454 607 loco,
1481 550 1771 614 compilatos

239 642 356 681 esse,
383 624 443 671 ab
468 641 523 671 eo
547 624 780 671 nimirum
812 625 899 689 qui
934 625 1238 690 Lipsiensem
1265 644 1385 676 saec.
1413 627 1536 676 XIV
1560 627 1770 675 codicem

239 701 495 766 descripsit
532 701 614 764 (ib.
647 720 691 766 p.
723 707 816 762 264
853 703 994 767 sqq).
1066 703 1270 752 Saeculo
1313 704 1536 770 proximo
1572 722 1682 753 cum
1717 705 1770 753 in

239 779 434 828 Italiam
471 780 631 828 nescio
667 797 764 844 qua
788 781 869 828 via
905 781 1137 829 advectus
1172 782 1224 829 in
1261 782 1548 830 Florentina
1584 781 1771 831 Salvia-

237 864 402 906 torum
437 857 730 905 bibliotheca
766 864 882 922 ‘pro
918 858 1134 907 cimelio'
1169 860 1513 908 adservaretur
1529 865 1559 918 2,
1589 860 1770 908 famam

237 935 436 1000 quidem
482 953 595 983 mox
643 935 776 1001 apud
823 936 1043 985 eruditos
1088 937 1287 986 videtur
1332 938 1544 1002 adeptus
1599 938 1770 1003 paucis

235 1019 403 1061 tamen
427 1014 660 1078 patuisse.
710 1013 858 1061 Petro
882 1013 1095 1063 Victorio
1121 1014 1400 1062 Florentino
1428 1015 1637 1077 (1499—1
1654 1016 1770 1079 584)

237 1092 459 1156 contigit,
501 1098 561 1140 ut
601 1091 853 1156 integrum
896 1092 1236 1157 apographum
1277 1111 1306 1140 a
1346 1093 1575 1158 diligenti
1615 1093 1770 1141 scriba

237 1169 511 1218 confectum
542 1170 930 1218 nancisceretur:
967 1170 1098 1218 unde
1123 1170 1405 1219 Victoriana
1438 1170 1619 1219 scholia
1652 1171 1771 1220 haec

236 1247 350 1295 inde
374 1266 404 1295 a
428 1247 652 1295 Bekkero
676 1253 923 1296 vocantur.

305 1325 474 1374 Codex
493 1326 648 1390 igitur
664 1325 1013 1390 V(ictorianus)
1040 1325 1086 1374 N
1089 1336 1124 1375 0.
1152 1331 1210 1374 16
1236 1326 1517 1375 chartaceus
1542 1325 1594 1374 in
1624 1336 1679 1387 40
1707 1343 1762 1388 31

236 1403 337 1452 fere
362 1403 502 1451 lineis
526 1421 615 1468 per
638 1403 856 1467 singulas
882 1404 1087 1468 paginas
1107 1405 1320 1452 exaratis
1338 1420 1429 1466 457
1451 1404 1579 1452 foliis
1599 1404 1770 1454 eadem

236 1500 388 1539 manu
413 1481 606 1546 scriptis
639 1481 934 1546 compositus
963 1488 1040 1530 est
1056 1488 1084 1531 3.
1146 1482 1292 1530 Η11110
1317 1499 1378 1530 ex
1403 1481 1767 1547 T(ownleyano)

237 1560 516 1609 derivatum
545 1577 649 1607 esse
684 1566 947 1624 postquam
982 1560 1206 1624 Heynius
1243 1560 1521 1608 examinato
1555 1566 1768 1625 utroque

236 1637 361 1686 libro
406 1638 623 1686 breviter
669 1638 812 1695 dixit,
859 1638 1054 1702 saepius
1101 1643 1153 1686 et
1200 1637 1514 1685 adfirmatum
1560 1643 1636 1686 est
1654 1643 1672 1668 4
1719 1644 1770 1686 et

236 1716 519 1764 dubitatum
536 1721 575 1764 ⁵:
612 1721 775 1763 tamen
801 1715 1031 1780 Heynius
1051 1733 1223 1763 verum
1242 1714 1383 1764 vidit.
1443 1714 1615 1779 Neque
1640 1716 1769 1763 enim

235 1794 421 1859 primae
453 1799 650 1842 tantum
685 1810 860 1841 manus
897 1792 1078 1840 scholia
1109 1793 1149 1840 Τ
1180 1792 1264 1840 sed
1299 1793 1448 1840 etiam
1482 1793 1682 1841 alterius
1717 1793 1770 1841 in

235 1873 281 1921 V
304 1872 538 1938 leguntur
560 1889 758 1936 prorsus
788 1871 972 1929 eadem,
1000 1875 1050 1919 et
1073 1870 1191 1919 locis
1218 1870 1509 1935 quibusdam
1528 1871 1579 1918 in
1605 1871 1644 1918 Τ
1668 1871 1769 1919 fere

291 1974 302 1995 ¹
328 1974 540 2024 Imaginem
570 1971 819 2022 Townleyani
848 1971 1026 2021 vulgavit
1061 1972 1199 2020 Heyne
1237 1975 1324 2021 post
1365 1971 1385 2008 I
1417 1971 1554 2009 Iliadis
1588 1971 1769 2009 volumen

236 2030 318 2067 tab.
346 2029 382 2065 D
410 2042 486 2065 non
517 2028 610 2065 satis
640 2031 874 2073 accuratam,
896 2026 1198 2076 pulcherrimam
1222 2026 1486 2076 Thompsonus
1509 2025 1636 2063 editor
1666 2026 1768 2063 Lon-

237 2082 408 2121 dinensis
429 2082 525 2133 (Pal.
547 2082 632 2120 Soc.
652 2082 731 2119 tab.
755 2081 834 2132 67).

292 2137 306 2158 ²
337 2136 565 2174 Holstenius
593 2150 679 2172 cum
716 2135 758 2172 in
788 2136 842 2172 M.
863 2133 1109 2172 Lilienthalii
1139 2133 1302 2172 Selectis
1333 2132 1544 2171 Historicis
1574 2135 1614 2170 et
1642 2132 1769 2170 Li¹te-

237 2191 353 2230 rariis
382 2191 430 2239 (a.
456 2199 557 2238 1715
588 2204 623 2239 p.
655 2192 704 2238 98
740 2203 794 2239 sq.
825 2190 871 2226 cf.
902 2190 1042 2238 Heyne
1069 2188 1118 2226 Il.
1146 2188 1214 2226 III
1240 2203 1278 2239 p.
1304 2188 1411 2239 CIV)
1441 2187 1487 2225 de
1517 2187 1645 2225 codice
1675 2200 1769 2238 quo—

237 2247 325 2284 dam
347 2245 485 2282 Iliadis
506 2244 678 2281 Mediceo
699 2247 920 2294 exponeret,
940 2243 1034 2280 haec
1055 2242 1211 2293 scripsit
1229 2255 1237 2280 z

293 2304 301 2319 ‘
317 2301 434 2337 Hunc
458 2299 691 2336 scholiasten
719 2299 882 2335 eundem
909 2311 990 2335 esse
1011 2297 1248 2346 deprehendi
1273 2309 1359 2333 cum
1385 2309 1429 2334 eo
1458 2308 1571 2345 quem
1602 2294 1769 2333 Salviati

236 2368 307 2405 pro
336 2354 486 2391 cimelio
514 2356 727 2399 asservant,
755 2351 832 2389 nisi
862 2352 966 2402 quod
993 2351 1054 2388 illi
1093 2351 1232 2401 primis
1268 2350 1420 2400 aliquot
1451 2350 1604 2400 paginis
1641 2350 1770 2386 diver-

238 2422 370 2448 sarum
397 2407 695 2445 annotationum
718 2407 874 2456 farrago
900 2406 1085 2444 adiuncta
1108 2406 1170 2450 sit,
1191 2418 1267 2454 quo
1292 2408 1513 2442 assumento
1541 2403 1661 2441 codex
1685 2403 1767 2440 Me-

238 2463 369 2500 diceus
399 2465 515 2500 caret.
575 2461 674 2499 Sane
703 2474 840 2511 operae
868 2460 1037 2510 pretium
1069 2463 1169 2497 esset
1197 2457 1393 2507 exemplar
1418 2458 1489 2495 1100
1514 2457 1614 2507 (sc-il.
1644 2457 1769 2493 Medi-

237 2516 366 2568 ceum)
386 2519 582 2554 vetustate
612 2515 755 2564 passim
779 2528 955 2552 arrosum
983 2517 1023 2551 et
1052 2526 1208 2551 exesum
1236 2511 1428 2550 recenseri
1456 2525 1479 2548 a
1498 2511 1583 2548 viro
1603 2511 1769 2560 quodam

237 2572 352 2609 docto
393 2574 433 2608 et
470 2569 645 2620 componi
684 2583 769 2606 cum
808 2569 935 2606 codice
975 2567 1238 2606 Salviatorum
1277 2569 1317 2603 et
1347 2579 1433 2603 cum
1472 2565 1595 2602 altero
1633 2564 1768 2601 itidem

237 2628 391 2664 vetusto
425 2623 492 2674 qui
525 2627 654 2661 exstat
674 2623 779 2673 apud
814 2622 1077 2660 Marchionem
1116 2620 1367 2658 Riciardum:
1410 2622 1540 2670 posset
1579 2618 1681 2656 enim
1720 2632 1769 2656 ex

238 2679 386 2718 cunctis
406 2678 584 2728 egregius
604 2677 831 2714 scholiorum
853 2681 962 2714 cento
982 2675 1161 2713 contexi.y

293 2734 307 2754 ³
337 2732 500 2770 Homeri
533 2731 677 2769 scholia
709 2730 856 2780 excipit
893 2731 1012 2768 codex
1052 2729 1267 2766 Hesiodeus
1304 2728 1354 2766 ab
1387 2726 1608 2778 antiquiore
1641 2725 1770 2764 scriba

239 2788 433 2825 confectus
453 2790 493 2824 et
513 2799 582 2836 per
602 2785 861 2835 bibliopegam
883 2784 1090 2821 subnexus.

295 2843 308 2861 ⁴
337 2841 458 2878 Velut
477 2854 500 2878 a
519 2839 719 2877 Dindorfio
739 2839 804 2876 III
825 2852 859 2887 p.
881 2837 983 2875 IX*.

295 2894 308 2914 ⁵
336 2895 454 2932 Velut
483 2909 506 2932 a
535 2895 720 2931 Roemero
741 2892 831 2944 (Die
861 2890 1127 2941 exegetischen
1160 2889 1339 2928 Scholien
1360 2889 1427 2927 der
1446 2888 1541 2926 Ilias
1563 2887 1614 2924 im
1637 2887 1768 2925 Codex

240 2946 414 2986 Venetus
442 2949 485 2996 B,
506 2949 701 2987 Munchen
735 2950 836 2996 1879
867 2961 903 2998 p.
930 2946 1058 2998 110*),
1088 2949 1225 2984 contra
1254 2958 1369 2997 quem
1396 2944 1479 2982 dixi
1509 2943 1644 2981 Herm.
1672 2941 1768 2980 XIX

239 3016 277 3053 P·
305 3011 390 3050 274-
