1979 3249
266 136 371 179 xviii
862 134 1207 177 PRAEFATIO.

987 355 1087 404 III.

335 476 441 541 Ego
483 474 732 538 integram
780 471 1073 521 scholiorum
1111 472 1165 520 in
1206 472 1411 521 Iliadem
1459 472 1722 521 editionem
1763 475 1803 522 si

266 561 530 619 paraturus
555 570 710 600 essem
742 550 889 615 longe
925 550 1070 599 aliter
1095 556 1246 615 atque
1283 551 1567 599 Dindorfius
1601 551 1804 600 institu-

269 650 411 681 erem.
480 631 732 679 Venetum
780 629 980 694 quidem
1020 628 1062 675 A
1105 636 1305 694 propter
1351 629 1804 694 quattuorvirorum

268 717 499 774 excerpta
533 708 798 772 separatim
838 725 927 772 ego
970 725 1164 771 quoque
1199 707 1506 763 emitterem;
1558 707 1805 756 Venetum

266 794 434 835 tamen
450 787 490 834 Β
518 785 651 850 quod
675 786 795 833 item
820 803 1036 833 seorsum
1054 784 1363 850 vulgandum
1381 785 1582 844 censuit,
1606 785 1697 833 hoc
1721 784 1803 833 ille

267 883 379 913 cum
426 864 602 912 harum
639 863 919 911 litterarum
966 863 1262 911 detrimento
1309 863 1541 928 peccavit.
1626 863 1805 911 Patere

268 943 399 990 enim
447 941 698 989 Dindorfio
753 941 925 990 debuit
975 947 1026 989 et
1075 941 1244 1006 patuit
1296 941 1369 1006 (II
1412 959 1455 1006 p.
1496 941 1570 1005 ix)
1616 946 1803 1005 quanto

267 1020 559 1068 scholiorum
595 1037 797 1068 numero
832 1025 1043 1084 uterque
1079 1019 1229 1068 codex
1264 1037 1363 1067 non
1399 1037 1450 1067 re
1485 1023 1683 1067 tantum
1718 1018 1804 1066 sed

266 1098 428 1146 verbis
453 1115 649 1163 quoque
679 1103 730 1145 et
763 1097 1054 1162 corruptelis
1091 1102 1391 1162 congrueret,
1431 1103 1619 1161 quanta
1654 1096 1804 1144 etiam

268 1194 434 1224 eorum
467 1182 595 1224 esset
632 1175 923 1239 frequentia,
948 1175 1033 1223 ubi
1069 1176 1211 1223 modo
1249 1175 1289 1223 Β
1324 1175 1467 1224 modo
1502 1175 1542 1222 T
1573 1174 1718 1240 plura
1752 1180 1804 1222 et

265 1254 467 1302 meliora
513 1259 768 1311 servasset,
819 1253 1033 1317 denique
1083 1271 1232 1318 quam
1290 1270 1433 1318 saepe
1480 1253 1662 1301 scholia
1708 1252 1804 1300 etsi

266 1332 453 1396 origine
479 1332 674 1379 diversa
699 1332 871 1379 eadem
906 1337 1073 1379 tamen
1107 1330 1283 1396 copula
1318 1349 1501 1379 conexa
1537 1329 1802 1394 utrobique

265 1408 559 1474 legerentur.
638 1408 781 1456 Unde
808 1408 1078 1456 communis
1103 1408 1400 1472 archetypus
1424 1407 1642 1456 efficitur.
1703 1407 1803 1466 Qui

265 1486 521 1535 Dindorfio
559 1485 631 1534 ita
665 1485 978 1551 refingendus
1015 1492 1134 1544 erat,
1160 1492 1218 1534 ut
1243 1484 1660 1534 consentientibus
1682 1484 1727 1532 Β
1751 1491 1802 1533 et

266 1566 306 1614 Τ
324 1565 377 1612 in
400 1565 688 1612 universum
713 1564 753 1611 T
773 1569 947 1628 utpote
969 1564 1376 1628 praestantiorem
1395 1564 1448 1611 in
1470 1569 1666 1612 textum
1683 1563 1803 1612 reci-

265 1646 403 1708 peret
437 1643 673 1690 adnotata
709 1659 772 1690 ex
796 1641 837 1688 Β
866 1641 1086 1689 lectionis
1123 1641 1460 1707 discrepantia,
1487 1640 1573 1689 ubi
1596 1641 1727 1689 inter
1750 1658 1802 1689 se

267 1721 510 1768 distarent
535 1719 896 1784 supplerentve‚
915 1724 1182 1784 utrumque
1207 1724 1607 1784 repraesentaret.
1656 1718 1802 1767 Nunc

267 1798 498 1863 quoniam
519 1798 711 1846 deserta
734 1797 824 1845 hac
847 1803 952 1845 tam
975 1797 1244 1845 necessaria
1266 1815 1415 1862 quam
1439 1797 1641 1845 molesta
1659 1795 1800 1845 officii

267 1882 409 1941 parte
458 1875 672 1924 codicem
714 1875 866 1923 fratre
913 1874 1125 1940 gemello
1167 1875 1393 1923 orbatum
1440 1875 1623 1924 edidit:
1678 1874 1800 1940 quid

266 1953 391 2002 mihi
427 1953 560 2001 aliud
595 1953 823 2002 relictum
855 1963 960 2001 erat
992 1952 1087 2001 nisi
1111 1960 1170 2001 ut
1194 1953 1233 2001 T
1258 1952 1635 2001 submitterem?
1704 1953 1800 2001 Ad-

267 2031 440 2095 positis
482 2037 647 2079 tamen
685 2031 836 2096 signis
876 2031 996 2079 meis
1031 2030 1382 2095 marginalibus
1419 2031 1602 2079 levasse
1637 2031 1800 2096 quoad

267 2108 411 2172 potui
440 2107 530 2156 hoc
554 2108 686 2172 quod
711 2108 813 2156 dixi
838 2108 1198 2157 incommodum
1221 2108 1343 2156 mihi
1367 2108 1546 2157 videor.

334 2185 418 2234 Ad
458 2186 677 2234 codicum
717 2186 759 2234 Β
798 2186 837 2234 Τ
876 2185 1199 2251 archetypum
1239 2192 1470 2244 revertor,
1518 2186 1578 2234 de
1615 2203 1711 2252 quo
1749 2187 1801 2234 ni

266 2263 410 2311 fallor
449 2264 749 2312 accuratiora
791 2264 902 2312 sciri
940 2270 1158 2329 possunt.
1231 2264 1381 2314 Velut
1416 2263 1634 2313 dolemus
1668 2265 1800 2330 quod

266 2341 331 2388 ad
367 2340 392 2388 I
428 2347 689 2402 266—299
728 2342 766 2389 T
802 2341 940 2390 nulla
975 2342 1155 2391 scholia
1192 2343 1424 2391 continet.
1494 2342 1674 2391 Casum
1712 2342 1800 2391 vix

268 2419 580 2477 incusaverit,
608 2420 695 2484 qui
720 2437 776 2468 ea
804 2420 912 2485 ipsa
943 2438 1069 2484 quae
1099 2421 1290 2484 copiose
1315 2426 1366 2468 et
1390 2420 1650 2484 diligenter
1672 2426 1731 2468 ut
1756 2420 1800 2468 Β

267 2496 340 2543 ita
386 2496 425 2543 Τ
473 2497 701 2545 exhibere
749 2498 1018 2555 consuevit,
1068 2497 1174 2546 dico
1222 2515 1298 2545 res
1346 2497 1692 2562 geographicas
1748 2504 1800 2546 et

269 2573 527 2633 fabulareS,
569 2576 711 2624 solito
752 2576 893 2640 plura
933 2576 985 2623 in
1031 2575 1121 2623 hac
1162 2575 1390 2623 carminis
1432 2581 1572 2639 parte
1612 2575 1799 2641 attingi

267 2652 607 2702 consideravit.
668 2653 852 2702 Verum
876 2653 999 2700 nihil
1023 2654 1083 2701 de
1109 2654 1281 2702 Oreste
1306 2653 1525 2701 tribusve
1557 2654 1799 2702 sororibus

269 2729 590 2794 (284—286)‚
614 2730 737 2777 nihil
763 2731 822 2778 de
847 2737 1037 2796 septem
1071 2730 1171 2779 illis
1206 2730 1406 2778 urbibus
1441 2730 1503 2778 ad
1538 2730 1801 2779 sedandam

267 2807 473 2855 Achillis
498 2807 621 2856 iram
645 2808 706 2856 ab
731 2808 1096 2873 Agamemnone
1121 2808 1379 2857 destinatis
1399 2809 1652 2874 (290-—29
1660 2809 1721 2873 5),
1742 2814 1800 2856 ut

267 2885 465 2933 mittam
500 2892 672 2936 cetera.
748 2886 932 2935 Iisdem
958 2887 1148 2935 scholiis
1179 2892 1310 2935 caret
1333 2887 1481 2936 etiam
1506 2887 1574 2935 Β;
1605 2886 1800 2934 carebat

268 2960 423 3024 igitur
448 2964 756 3029 archetypus.
820 2964 927 3013 Iam
952 2965 1194 3015 Venetum
1219 2965 1265 3014 A
1291 2965 1569 3031 inspicienti
1591 2963 1713 3014 nihil
1737 2980 1799 3012 ne
