1979 3249
252 120 323 159 xvi
848 117 1198 164 PRAEFATIO.

253 232 422 280 liastae
447 232 503 290 V,
530 232 754 297 quamvis
778 232 970 296 perdito
1000 232 1213 296 quodam
1249 232 1586 297 corrumpendi
1622 249 1783 280 amore

254 328 366 358 eum
390 311 619 376 flagrasse
640 310 903 364 dictitaret,
923 316 1089 358 tamen
1108 327 1196 375 per
1211 314 1372 358 totum
1398 309 1578 357 librum
1593 309 1671 358 vel
1695 309 1785 358 soli

253 389 471 436 crederet
496 388 799 453 saepissime:
826 405 887 436 en
911 387 1007 435 viri
1030 387 1387 437 inconstantia!
1439 387 1506 435 Et
1524 386 1626 436 dixi
1651 387 1785 452 quod

252 484 423 513 verum
451 471 539 523 est,
559 466 882 514 Lehrsianum
905 464 1029 513 illud
1048 464 1125 513 vel
1149 465 1260 514 hinc
1284 467 1345 514 ab
1372 465 1477 530 ipso
1502 465 1784 513 Ludwichio

252 542 420 592 refelli.
492 543 598 592 Hoc
633 543 713 591 1116
748 543 1030 608 intellegere
1055 561 1153 591 non
1178 543 1322 601 valet,
1350 544 1436 591 sed
1467 561 1609 591 suum
1635 543 1784 591 fuisse

252 621 472 686 persistit
506 621 624 670 testi
661 621 869 670 ‘totiens
902 639 957 669 ac
991 626 1132 669 tanto
1168 638 1310 686 opere
1345 620 1567 668 mendaci
1600 626 1651 668 et
1684 637 1785 668 ma-

253 699 386 764 ligno
428 699 564 748 nullo
606 699 873 748 adiuvante
909 697 1065 747 altero
1102 698 1398 763 aliquotiens
1433 705 1600 746 tamen
1634 697 1785 746 fidem

252 777 430 826 habere
447 779 491 826 1.'
535 777 666 825 Mira
682 777 798 825 haec
823 777 1073 842 cogitandi
1091 778 1216 825 ratio
1233 782 1249 806 2
1271 796 1279 826 :
1306 776 1481 825 dehinc
1505 793 1650 841 quem
1675 777 1785 841 quis

253 855 519 920 nonagiens
543 855 747 903 noviens
782 873 881 903 non
915 873 1030 904 casu
1065 855 1149 903 sed
1174 862 1184 879 ‘
1204 854 1403 903 consilio
1439 861 1490 903 et
1525 854 1785 902 manifesta

253 933 423 981 fraude
448 933 708 981 veritatem
732 933 1053 998 pervertisse’
1075 931 1356 989 arbitratur,
1376 932 1421 980 ei
1444 931 1593 979 nihilo
1620 932 1783 979 minus

252 1010 417 1058 credat
468 1010 696 1058 credulus
754 1010 1071 1059 centesimum
1092 1013 1101 1058 1
1194 1009 1428 1058 Diffidere
1485 1027 1575 1074 ego
1634 1009 1785 1057 oculis

252 1089 403 1154 coepi,
423 1107 533 1137 cum
557 1089 681 1137 serio
708 1094 758 1136 et
782 1106 893 1136 cum
919 1106 1025 1136 mea
1043 1088 1130 1153 qui
1155 1088 1460 1137 dissentirem
1488 1087 1784 1136 contumelia

251 1167 350 1215 tale
385 1167 504 1231 quid
545 1166 826 1231 responderi
861 1166 1075 1232 legerem
1113 1165 1188 1231 (II
1223 1184 1267 1231 p.
1313 1169 1404 1228 718
1441 1165 1784 1230 sq.)——verum

252 1243 469 1292 laetabar
505 1244 788 1309 laetorque:
839 1263 953 1292 nam
1000 1262 1104 1292 rem
1139 1261 1296 1291 meam
1339 1243 1622 1309 expeditam
1662 1244 1780 1302 vidi,

252 1320 516 1387 Postquam
547 1340 649 1370 sese
684 1321 748 1370 ad
783 1321 1048 1370 absurdum
1083 1321 1205 1370 illud
1240 1321 1544 1369 adversarius
1572 1322 1677 1387 ipse
1703 1322 1784 1370 de-

252 1400 410 1449 duxit.
485 1400 621 1448 Haec
651 1407 771 1448 tunc
795 1400 866 1447 ita
890 1400 1222 1457 disserueram,
1248 1405 1307 1447 ut
1332 1405 1491 1447 errata
1525 1417 1650 1464 quae
1682 1399 1784 1448 cul-

251 1478 394 1542 pavit
429 1476 749 1526 Ludwichius
785 1495 957 1542 reapse
993 1495 1094 1526 esse
1132 1478 1295 1526 omnia
1329 1477 1459 1525 inter
1495 1477 1784 1543 gravissima

252 1562 302 1603 et
326 1573 387 1604 ex
410 1554 603 1620 perdito
630 1555 839 1603 vitiandi
864 1555 1062 1604 consilio
1087 1561 1251 1604 coorta
1270 1572 1532 1620 parumper
1548 1555 1780 1605 cederem.

250 1632 363 1681 Non
388 1632 617 1682 cedebam
641 1633 851 1697 amplius
873 1653 881 1682 :
907 1639 1098 1698 partem
1118 1651 1284 1681 eorum
1307 1633 1550 1682 committi
1573 1633 1675 1682 fere
1701 1634 1782 1682 de-

249 1710 413 1759 buisse
448 1711 606 1758 invito
642 1710 852 1774 ideoque
877 1716 981 1758 tam
1006 1728 1109 1758 esse
1133 1710 1272 1767 levia,
1296 1716 1355 1758 ut
1380 1710 1441 1758 ad
1465 1710 1781 1760 minuendam

251 1788 538 1837 scholiastae
573 1787 720 1836 fidem
755 1787 879 1835 nihil
903 1805 1099 1852 prorsus
1123 1787 1358 1845 valerent,
1385 1806 1446 1836 ex
1470 1787 1591 1836 facie
1615 1789 1781 1836 arche-

251 1866 364 1931 typi
384 1864 741 1931 (Tovvnleyani)
753 1872 803 1914 et
818 1866 1093 1914 condicione
1109 1872 1316 1914 externa
1331 1866 1536 1914 ostendi.
1574 1865 1782 1915 Putares

251 1951 449 2009 accepta
494 1944 610 1993 haec
652 1945 801 1992 etiam
842 1943 1126 1992 Ludwichio
1168 1943 1360 1992 fuisse3!
1444 1943 1576 2003 Quid
1613 1950 1780 1993 tamen

303 2095 315 2117 ¹
346 2097 430 2134 Iam
462 2097 658 2146 propriam
692 2098 888 2146 quandam
913 2097 1091 2135 voculam
1124 2110 1223 2147 quae
1255 2110 1342 2135 cum
1373 2099 1598 2146 contemptu
1636 2096 1780 2136 dicitur

249 2150 338 2188 huic
358 2151 585 2189 scholiastae
605 2151 770 2190 adscivit
790 2151 835 2188 II
855 2165 891 2201 p.
915 2161 991 2200 719
1008 2165 1015 2189 :

304 2209 312 2224 ‘
330 2204 378 2241 In
406 2205 475 2242 der
502 2205 623 2254 Rege]
651 2205 760 2244 hatte
789 2205 861 2251 ich,
882 2219 941 2243 wo
969 2206 1032 2243 ich
1060 2204 1123 2242 die
1141 2205 1354 2244 vielfachen
1383 2204 1540 2242 Sfinden
1570 2205 1636 2243 des
1661 2205 1780 2243 Scho-

249 2258 389 2297 liasten
410 2259 450 2298 V
470 2259 717 2308 durchgehen
740 2264 896 2306 musste‚
918 2259 1031 2298 dabei
1055 2258 1180 2309 einzig
1200 2260 1279 2297 und
1302 2259 1419 2298 allein
1445 2259 1672 2309 denjenigen
1693 2259 1778 2297 Un-

248 2313 471 2351 bekannten
503 2314 559 2350 im
591 2314 713 2363 Auge,
749 2314 834 2351 dem
865 2314 927 2351 die
967 2319 986 2335 “
1000 2314 1371 2364 Verballhornung'’
1410 2313 1480 2351 der
1516 2314 1778 2352 betreffenden

251 2367 430 2406 Scholien
449 2367 710 2405 thats'achlich
725 2381 794 2405 zur
806 2368 902 2405 Last
915 2368 1014 2406 fallt.
1049 2367 1111 2405 Ob
1129 2368 1233 2405 Hinz
1253 2368 1344 2405 oder
1364 2368 1479 2405 Kunz
1499 2368 1555 2406 sie
1576 2372 1596 2390 “
1610 2367 1776 2406 verball-

249 2422 367 2459 hornt
380 2421 401 2436 '’
423 2421 533 2468 habe,
555 2435 636 2461 war
654 2422 735 2459 und
755 2422 808 2460 ist
828 2422 903 2459 mir
922 2422 1069 2460 nahezu
1089 2422 1367 2472 gleichgultig.'

304 2474 318 2495 ²
346 2476 492 2513 Tamen
525 2489 573 2513 ne
607 2489 706 2513 nova
736 2476 891 2525 quidem
925 2480 995 2514 est.
1051 2476 1171 2514 Velut
1208 2489 1332 2526 nuper
1370 2474 1583 2524 mythologi
1617 2475 1776 2525 quidam

250 2529 501 2567 Roscheriani
531 2529 842 2581 (Ausftihrliches
872 2530 1047 2568 Lexikon
1077 2530 1145 2567 der
1171 2529 1322 2568 Griech.
1343 2543 1379 2567 u.
1402 2529 1511 2567 Ro'm.
1533 2529 1775 2579 Mythologie

248 2584 338 2622 fasc.
359 2584 395 2621 V
414 2582 496 2631 fin.)
516 2584 675 2622 eandem
696 2597 776 2622 sese
802 2584 1013 2633 amplexari
1037 2584 1328 2633 perversitatem
1350 2582 1503 2632 publice
1523 2583 1621 2620 mihi
1641 2583 1776 2621 testati

248 2642 352 2676 sunt.
419 2638 563 2675 Offerri
594 2651 616 2675 a
644 2637 807 2676 falsariis
844 2637 1135 2688 mythographis
1172 2638 1296 2688 (velut
1330 2650 1353 2674 a
1382 2637 1670 2675 Ps.-Plutarcho
1707 2637 1776 2675 ‘de

248 2692 398 2730 fluviis’
429 2692 618 2741 scriptore
647 2696 687 2729 et
715 2692 935 2730 Ptolemaeo
961 2691 1137 2742 Chenno)
1161 2692 1279 2729 etiam
1307 2691 1505 2740 quaedam,
1529 2704 1626 2740 quae
1654 2692 1777 2741 proba

248 2759 328 2784 esse
349 2746 508 2783 aliumle
529 2749 690 2790 constat,
709 2759 778 2794 ego
799 2760 922 2796 neque
942 2746 1170 2795 ignorabam
1188 2759 1257 2783 nec
1278 2744 1534 2783 reticueram:
1568 2745 1615 2784 ef.
1638 2745 1775 2784 Philol.

248 2800 603 2849 Untersuchungen
621 2799 680 2837 VI
700 2798 840 2849 (1883)
863 2813 899 2849 p.
921 2813 971 2848 95
991 2813 1070 2849 sqq.

303 2854 316 2874 ³
345 2854 492 2892 Audias
512 2854 659 2904 ipsum:
695 2853 796 2891 ‘Das
820 2853 1138 2891 Vorhandensein
1164 2853 1245 2890 und
1273 2853 1333 2891 die
1357 2853 1502 2902 Folgen
1524 2853 1777 2892 fehlerhaster

250 2907 451 2946 Lemmata
471 2908 550 2946 also
576 2909 675 2946 fasse
697 2907 760 2945 ich
784 2907 844 2944 ins
865 2907 975 2956 Auge
994 2921 1001 2945 :
1033 2907 1102 2944 der
1123 2907 1304 2945 Kritikus
1324 2907 1481 2945 ertheilt
1500 2907 1575 2944 mir
1593 2907 1634 2944 in
1654 2908 1773 2946 bana-

250 2961 313 2999 len
338 2961 507 3002 Phrasen
529 2962 612 3002 eine
633 2962 794 3003 Lection
813 2961 907 3001 tiber
927 2961 987 3001 die
1011 2961 1260 3013 Entstehung
1279 2961 1427 3002 solcher
1452 2962 1482 3001 F
1485 2961 1634 3002 ehlerZ'
1690 2961 1773 3013 Ego
