1979 3249
226 115 285 157 xii
821 111 1166 154 PRAEFATIO.

227 232 444 290 haverat,
482 236 540 279 ut
572 229 856 296 apographo
896 229 1218 277 Monroniano
1255 218 1434 294 passim
1471 229 1760 279 correctiun-

227 310 359 359 culas
404 315 641 373 notasque
701 307 891 356 criticas
949 306 1257 365 adscriberet,
1306 307 1537 372 pleraque
1593 314 1759 357 tamen

228 388 393 436 omnia
438 387 490 434 in
536 387 761 434 futurum
802 385 1171 450 purgandarum
1211 385 1519 451 plagularum
1565 392 1759 451 tempus

229 483 461 531 seponere
486 464 668 521 mallet,
694 481 803 511 cum
837 463 1002 512 subita
1027 469 1182 512 morte
1213 463 1432 512 decessit.
1504 463 1759 528 Exponam

228 562 314 593 cur
349 543 400 590 in
434 542 593 590 locum
631 540 879 589 Dindorfii
920 559 1010 606 ego
1049 542 1371 589 successerim.
1444 541 1567 589 Cum
1602 559 1760 606 gram-

227 621 517 670 maticorum
553 619 872 684 quorundam,
898 637 1019 684 quos
1056 626 1106 667 et
1141 619 1323 667 scholia
1359 619 1528 668 Iliadis
1563 621 1610 667 A
1636 620 1676 667 B
1701 619 1759 677 V,

229 700 489 765 praecipue
514 705 678 746 tamen
703 698 760 755 A,
789 703 840 745 et
863 698 1267 761 homonymorum
1303 697 1485 745 indices
1511 697 1760 745 Laertiani

228 783 621 833 commemorant,
662 782 878 824 aetatem
916 775 1199 824 definireml
1238 782 1288 823 et
1329 775 1603 835 nonnullos,
1639 793 1761 840 quos

230 873 319 920 per
353 855 622 920 Didymum
659 854 708 901 in
744 854 987 902 Venetum
1023 853 1065 900 A
1101 853 1377 918 pervenisse
1413 860 1613 918 propter
1649 854 1762 901 sub-

230 933 518 998 scriptiones
565 932 672 980 illas
718 931 867 996 vulgo
915 931 1205 988 crederetur,
1247 931 1499 996 aliquanto
1550 931 1761 996 Didymo

230 1012 381 1059 fuisse
416 1011 707 1076 posteriores
731 1009 1099 1075 perspexissem,
1126 1009 1466 1057 confirmatum
1500 1010 1603 1057 vidi
1632 1010 1763 1074 quod

230 1090 351 1137 alias
394 1089 454 1137 ob
495 1106 663 1137 causas
704 1088 801 1136 iam
843 1087 927 1135 alii
969 1087 1274 1135 coniecerant
1287 1092 1316 1144 2,
1359 1105 1468 1135 cum
1510 1092 1764 1151 quattuor-

229 1167 447 1215 virorum
497 1165 844 1215 commentario
900 1164 1336 1230 subscriptionibus
1380 1165 1477 1212 iam
1523 1165 1763 1214 instructo

232 1251 348 1293 ante
385 1245 629 1294 Venetum
665 1245 708 1291 A
748 1262 846 1292 non
892 1244 1049 1291 solum
1087 1243 1327 1308 quaedam
1367 1243 1610 1292 inferioris
1656 1244 1763 1292 aevi

233 1329 463 1387 excerpta
507 1322 846 1388 glossematica
893 1320 1218 1386 etymologica
1264 1321 1552 1369 zetematica
1591 1339 1764 1369 Verum

232 1401 350 1458 alios
386 1418 581 1465 quoque
618 1400 1002 1456 commentarios,
1028 1407 1157 1447 certe
1194 1398 1327 1455 duos,
1352 1397 1404 1445 in
1440 1399 1618 1463 quibus
1654 1417 1763 1447 cum

232 1478 657 1543 interpretationis
704 1482 815 1526 tum
861 1477 996 1525 crisis
1046 1477 1330 1525 Homericae
1384 1476 1763 1542 criticorumque

233 1556 415 1604 saeculi
450 1574 495 1620 p.
542 1556 656 1604 Chr.
698 1555 844 1620 primi
886 1555 1012 1603 ratio
1058 1554 1335 1612 haberetur,
1384 1573 1486 1602 esse
1527 1555 1764 1604 confusos.

236 1633 390 1682 Cuius
417 1634 610 1698 generis
636 1634 784 1681 etiam
809 1634 861 1680 in
877 1633 920 1680 B
940 1633 983 1682 V
1000 1650 1099 1681 non
1122 1633 1265 1680 modo
1286 1633 1496 1698 vestigia
1520 1633 1605 1682 sed
1624 1638 1765 1681 vasta

234 1711 392 1760 inesse
435 1718 665 1776 excerpta
707 1710 941 1759 intellexi.
1029 1710 1206 1774 Itaque
1253 1710 1478 1758 absoluto
1523 1710 1765 1758 Dindorfii

234 1789 421 1838 Veneto
456 1789 511 1846 B,
539 1795 596 1836 ut
627 1789 734 1836 aliis
770 1788 901 1836 idem
931 1787 1193 1852 aliquando
1228 1788 1618 1852 persuaderetur,
1643 1788 1766 1836 nihil

235 1868 357 1915 duxi
381 1867 633 1931 antiquius
656 1885 802 1931 quam
829 1867 1009 1914 iustam
1035 1865 1366 1931 Townleyani,
1391 1883 1536 1930 quem
1572 1865 1765 1914 scholiis

235 1946 279 1993 B
298 1963 442 2011 saepe
460 1950 706 2011 praestare
731 1944 1025 1992 Roemerus3
1045 1944 1479 2001 demonstraverat,
1500 1944 1765 1992 editionem

235 2023 412 2088 parari.
500 2022 639 2070 Adde
679 2023 812 2087 quod
852 2040 1020 2071 censor
1058 2021 1258 2086 quidam
1293 2039 1455 2069 meum
1492 2022 1552 2069 de
1587 2021 1764 2071 Veneti

237 2102 284 2148 A
320 2101 669 2165 compositione
705 2099 941 2148 iudicium
977 2117 1087 2147 cum
1127 2099 1431 2163 argumentis
1466 2116 1564 2146 non
1599 2105 1765 2164 posset

237 2178 489 2227 clamando
533 2177 791 2243 profligare
831 2177 1072 2225 laboravit
1109 2176 1314 2241 aliisque
1349 2176 1597 2241 imposuit.
1671 2176 1765 2224 Ne-

237 2257 447 2305 sciebam
483 2260 592 2303 tum
628 2255 759 2320 quod
794 2273 952 2320 nuper
984 2254 1157 2320 peritis
1191 2254 1395 2319 probavi
1409 2260 1438 2311 4,
1464 2254 1671 2302 alterum
1704 2273 1765 2302 ex

237 2335 315 2381 his
334 2352 454 2399 quos
479 2333 583 2382 dixi
606 2333 964 2381 commentariis
989 2333 1081 2381 etsi
1105 2338 1407 2381 contractum
1426 2333 1598 2381 misere
1618 2338 1667 2380 et
1686 2332 1766 2380 de-

237 2418 486 2460 curtatum
522 2411 573 2458 in
610 2411 800 2459 scholiis
835 2410 880 2457 D
918 2411 1197 2458 etiamnunc
1231 2411 1445 2458 servari:
1496 2410 1557 2458 cf.
1596 2410 1763 2459 Herm.

238 2489 362 2537 XIX
389 2488 559 2554 (1884)
586 2507 632 2554 p.
663 2504 756 2551 559
777 2506 882 2554 sqq.
954 2488 1093 2548 Quae
1119 2495 1235 2536 tunc
1269 2488 1497 2552 ignorans
1522 2504 1710 2535 omnem
1736 2505 1766 2535 a

292 2634 304 2654 ¹
330 2634 388 2672 De
418 2633 642 2683 biographis
670 2633 817 2685 graecis
841 2633 1084 2684 quaestiones
1114 2633 1276 2672 selectae
1297 2630 1592 2683 (Philologische
1617 2631 1764 2670 Unter-

239 2688 461 2737 suchungen
482 2689 658 2738 herausg.
678 2703 713 2726 v.
736 2688 935 2739 Kiessling
961 2689 1041 2726 und
1060 2703 1095 2727 v.
1118 2686 1674 2726 Wilamowitz-Moellendorff
1698 2686 1765 2725 III

238 2756 274 2792 p.
293 2744 460 2834 ἓξζῑῧῇόιέ
477 2796 693 2834 Beccardus
714 2795 801 2847 (‘de
831 2795 986 2834 scholiis
1015 2796 1054 2833 in
1085 2794 1246 2833 Homeri
1276 2795 1439 2834 Iliadem
1460 2795 1643 2834 Venetis'
1674 2794 1767 2833 diss.

240 2850 363 2887 Berol.
390 2851 507 2902 1850)
528 2854 567 2888 et
586 2850 916 2888 Wilamowitzius.

295 2905 307 2924 ³
338 2904 410 2941 Die
431 2904 697 2954 exegetischen
719 2904 897 2942 Scholien
918 2904 986 2942 der
1006 2903 1099 2941 Ilias
1120 2903 1170 2940 im
1192 2903 1285 2941 Ven.
1309 2905 1350 2944 B.

295 2958 307 2978 ⁴
339 2958 394 2995 Cf.
420 2958 610 2996 Schrader
630 2959 762 2996 Herm.
789 2958 867 2996 XX
890 2957 1028 3009 (1885)
1050 2973 1085 3008 p.
1109 2959 1184 3007 396
1199 2972 1279 3007 sqq.
