1979 3249
734 115 1083 158 PRAEFATIO.
1569 109 1675 152 xxiii

138 252 293 301 paene
329 233 592 299 integrum.
665 232 742 280 De
777 230 1057 280 Matritensi
1090 228 1209 277 haec
1240 227 1301 276 ab
1327 225 1522 275 Iriartio
1546 241 1673 273 com-

139 313 246 377 peri
272 313 416 378 (Reg.
442 310 555 360 bibl.
583 310 729 358 Matr.
751 310 853 358 cod.
872 327 943 375 gr.
964 309 989 358 I
1009 318 1082 358 n0.
1107 306 1277 355 LXXI
1302 323 1347 371 p.
1374 320 1431 365 25
1441 319 1464 367 5
1493 303 1584 368 sq.)
1607 322 1616 352 ε

194 413 541 452 ‘Membranaceus
565 411 607 449 in
628 416 670 458 40
690 411 795 449 foliis
824 398 1014 448 constans*
1031 411 1105 458 178
1127 408 1274 446 litteris
1303 406 1399 446 satis
1428 404 1676 455 elegantibus

139 490 237 515 saec.
262 480 308 514 ut
335 476 495 514 videtur
524 474 629 512 XIII
658 478 825 512 exeunte
854 474 916 511 vel
946 473 1108 510 ineunte
1138 471 1236 509 XIV
1264 484 1343 509 una
1371 472 1528 507 tantum
1557 480 1676 505 manu

141 542 325 577 exaratus
360 538 463 576 foliis
493 537 644 587 aliquot
673 537 744 574 sub
774 535 935 573 initium
964 538 1003 572 et
1036 533 1152 572 finem
1183 533 1326 571 codicis
1365 531 1539 581 improbo
1572 543 1677 567 mus-

141 602 318 640 culorum
352 602 467 639 dente
499 613 667 646 arrosus,
699 599 765 636 sed
796 598 853 635 ita
882 601 928 635 ut
957 596 1135 634 omnibus
1163 610 1285 646 paene
1315 595 1462 633 litteris
1487 593 1678 632 bestiolae

141 664 251 714 quasi
270 663 514 702 litteratulae
534 661 794 713 pepercerint.
851 661 909 697 Eo
937 659 1191 696 continentur
1211 658 1359 696 scholia
1385 658 1426 695 in
1448 656 1678 695 Homericae

141 727 279 765 Iliadis
318 727 436 764 libros
471 726 641 774 Didymo
677 722 846 762 attribui
885 722 1001 760 solita
1040 719 1105 774 [cf.
1142 720 1246 758 infra
1283 734 1320 770 p.
1362 717 1492 772 xxx4.]
1532 718 1597 756 sed
1636 721 1678 758 in

141 789 374 840 posteriores
403 789 611 826 dumtaxat
640 786 799 824 XVIII.
858 785 991 824 Codex
1021 784 1153 834 priore
1183 784 1244 822 sui
1273 786 1386 833 parte
1420 797 1497 820 non
1536 797 1679 834 parum

141 852 306 890 mutilus
335 856 393 890 est
423 852 596 900 adeoque
619 853 659 888 et
689 848 862 888 auctoris
892 847 1047 885 nomine
1077 850 1117 885 et
1145 846 1273 896 operis
1302 845 1423 884 titulo
1454 846 1676 885 destitutus.

143 914 258 962 Quod
278 914 433 964 quidem
453 913 595 951 vitium
626 912 819 962 simulque
850 910 1071 960 scripturae
1100 909 1218 947 series
1247 908 1478 946 minutatim
1507 909 1680 958 plerum-

143 990 218 1027 que
244 981 440 1014 consectae
460 976 523 1013 vel
552 975 646 1012 libri
676 974 875 1012 dominum
904 973 967 1011 vel
996 972 1202 1010 librarium
1232 972 1483 1018 induxerunt,
1505 975 1551 1009 ut
1580 972 1682 1009 liber

143 1039 250 1077 intus
285 1039 456 1089 forisque
488 1037 780 1076 vocabularium
819 1049 1001 1087 graecum
1040 1035 1331 1073 inscriberetur.
1399 1034 1480 1073 Fol.
1516 1035 1598 1072 cod.
1642 1032 1682 1072 2⁰

143 1103 270 1152 operis
296 1106 334 1138 10
354 1105 519 1151 apparet
545 1101 626 1139 sola
652 1100 694 1137 in
715 1099 909 1150 superiori
935 1098 1109 1148 margine
1130 1098 1264 1136 littera
1285 1105 1330 1143 H,
1353 1098 1509 1147 septimi
1531 1097 1681 1135 scilicet

142 1165 261 1202 index
287 1164 424 1201 Iliadis
450 1164 552 1209 libri,
574 1163 677 1201 unde
701 1162 842 1200 mutila
868 1162 961 1199 haec
983 1161 1129 1198 scholia
1149 1160 1384 1198 incohantur
1403 1161 1453 1198 ab
1479 1160 1540 1198 his
1564 1161 1681 1197 nimi-

142 1241 231 1266 rum
261 1227 391 1265 verbis
423 1227 465 1264 in
498 1240 535 1265 V.
572 1229 647 1274 892
691 1228 800 1263 πάλαι
835 1221 1133 1277 κατατεθνηῶτος]
1167 1225 1273 1261 πάλαι
1305 1226 1560 1262 καταθανόντος.
1630 1224 1681 1262 In

144 1294 293 1328 ceteros
324 1303 416 1328 vero
445 1289 586 1327 Iliadis
622 1289 744 1326 libros
782 1287 832 1326 ad
869 1291 995 1325 totum
1035 1300 1158 1336 usque
1188 1286 1378 1324 XXIVum
1412 1286 1557 1325 scholia
1594 1301 1683 1337 pro-

146 1353 291 1391 cedunt
321 1352 402 1390 sine
432 1351 671 1398 intermissu,
693 1351 750 1388 ita
773 1354 819 1388 ut
843 1350 943 1387 nihil
970 1363 1019 1386 ex
1041 1349 1091 1387 iis
1119 1349 1375 1395 desideretur,
1405 1350 1564 1387 tametsi
1594 1363 1682 1399 pos-

146 1418 271 1453 trema
304 1415 380 1452 duo
413 1415 506 1452 folia
540 1414 688 1452 litteris
722 1412 867 1464 partim
902 1412 1040 1451 deletis
1075 1413 1221 1462 partim
1256 1412 1463 1450 maculosis
1494 1413 1682 1450 laborent.

148 1477 368 1516 Universus
403 1477 571 1526 denique
602 1476 721 1513 codex
749 1475 789 1512 in
815 1475 909 1513 haec
939 1475 1105 1512 desinit:
1136 1472 1327 1527 ἀμφίεπον]
1361 1479 1545 1523 περιεῖπον,
1575 1476 1685 1522 ἠσχο-

146 1543 284 1578 λοῦντο.
353 1539 498 1578 Statim
537 1538 685 1588 excipit
721 1537 945 1575 huiusmodi
980 1537 1154 1575 clausula
1193 1537 1328 1575 eadem
1372 1551 1450 1587 qua
1489 1538 1683 1587 reliquum

147 1603 328 1640 volumen
357 1615 473 1639 manu
504 1601 559 1639 sic
590 1600 807 1650 descripta:
845 1602 995 1647 εὐτυχῶς
1028 1600 1249 1648 πεπλήρωται
1275 1602 1328 1636 καὶ
1354 1601 1372 1646 ἡ
1398 1607 1422 1636 ω·
1446 1603 1504 1646 τῆς
1528 1601 1684 1638 Ἰλιάδος.

149 1665 401 1703 Postmodum
431 1664 538 1702 subit
558 1663 808 1701 Constantini
835 1662 1016 1700 Lascaris
1047 1661 1278 1712 idiographa
1309 1662 1566 1712 subscriptio:
1591 1670 1686 1699 Κων-

149 1731 324 1766 σταντῖνος
344 1731 362 1764 ὁ
386 1729 555 1774 Λάσκαρις
574 1728 627 1762 καὶ
649 1730 750 1762 τοῦτο
771 1728 806 1761 ἐν
826 1726 995 1771 Μεσσήνῃ
1016 1728 1076 1771 τῆς
1095 1727 1249 1763 Σικελίας
1269 1725 1435 1770 ὠνήσατο.
1495 1725 1686 1763 Extremo

149 1791 306 1828 demum
335 1789 377 1827 in
405 1789 535 1828 codice
565 1788 605 1826 id
630 1788 757 1826 rarius
782 1788 938 1826 obvium
967 1788 1134 1833 mireris,
1158 1787 1233 1825 duo
1258 1787 1406 1825 scilicet
1426 1788 1518 1825 folia
1544 1790 1616 1836 176
1647 1790 1688 1825 et

154 1862 228 1902 177
247 1866 386 1902 graece
399 1851 620 1901 conscripta
634 1851 784 1888 duobus
798 1850 887 1888 aliis
908 1850 1059 1889 includi
1072 1849 1239 1888 Arabice
1259 1850 1427 1888 exaratis
1444 1851 1481 1887 in
1500 1850 1687 1888 crassiore

149 1916 388 1954 membrana.
444 1915 532 1952 Iam
551 1928 643 1952 vero
670 1914 719 1952 ad
747 1913 891 1951 scholia
911 1913 1016 1963 quod
1036 1913 1182 1951 attinet
1201 1927 1292 1951 suae
1317 1913 1397 1951 illis
1424 1927 1494 1964 per
1514 1913 1687 1963 singulos

150 1979 271 2017 libros
291 1981 483 2028 praeeunt
502 1977 736 2027 hypotheses
755 1976 818 2015 vel
846 1980 1078 2025 argumenta
1098 1976 1312 2026 grandibus
1336 1977 1558 2027 oblongulis
1578 1980 1617 2014 et
1637 1976 1688 2014 ad

152 2043 329 2080 dextram
348 2040 601 2091 vergentibus
621 2039 766 2078 litteris
786 2043 959 2077 exarata.
1017 2039 1201 2078 Ceterum
1230 2053 1326 2089 opus
1352 2038 1515 2077 minutis
1541 2039 1689 2077 litteris

153 2104 390 2154 descriptum
417 2103 619 2141 dissimilis
640 2103 797 2153 quidem
827 2103 983 2149 formae,
1013 2102 1079 2139 sed
1109 2101 1280 2140 eiusdem
1309 2116 1456 2140 manus.
1514 2102 1690 2140 Immane

154 2181 245 2205 sane
275 2167 485 2204 discrimen
514 2167 556 2203 in
586 2180 663 2204 uno
682 2165 879 2203 volumine
903 2179 981 2202 una
1010 2178 1129 2203 manu
1159 2169 1318 2202 exarato
1345 2165 1511 2202 minores
1535 2165 1690 2202 litteras

156 2229 353 2267 saeculum
383 2229 574 2266 decimum
599 2228 765 2266 tertium
794 2241 886 2277 prae
923 2241 961 2265 se
990 2228 1302 2273 fcr1·e,>n1aiores
1331 2227 1541 2278 nonum(l).
1599 2228 1691 2276 Ipsa

156 2296 286 2330 autem
309 2291 453 2329 scholia
473 2291 633 2340 perinde
656 2293 772 2340 atquo
793 2290 1026 2339 hypotheses
1044 2303 1131 2327 cum
1152 2290 1232 2327 illis
1253 2290 1420 2327 maxime
1441 2290 1691 2327 consentiunt

157 2353 332 2404 (tametsi
352 2354 519 2391 conferri
544 2353 597 2390 sit
617 2367 755 2403 operae
783 2351 983 2403 pretium),
1006 2365 1103 2402 quae
1126 2352 1297 2390 Homero
1317 2352 1548 2402 expoliendo
1568 2356 1690 2401 atque

157 2417 389 2455 illustrando
410 2417 530 2454 Josua
550 2416 762 2454 Barnesius
783 2414 1007 2465 evulgavit!

225 2497 412 2546 Iriartii
472 2497 849 2563 descriptionem
913 2496 1231 2554 Torstrikius,
1291 2496 1429 2545 cuius
1489 2496 1690 2545 schedas

157 2593 313 2641 nuper
340 2576 461 2624 mihi
496 2576 824 2625 commodavit
859 2575 1118 2633 Dielesius,
1145 2575 1411 2631 confirmat,
1435 2574 1531 2622 nisi
1559 2574 1691 2638 quod

160 2654 251 2701 sibi
291 2654 474 2702 ‘multo
515 2654 855 2719 antiquiorem,
893 2653 1096 2701 fortasse
1139 2652 1316 2701 saeculi
1363 2652 1492 2699 XII’
1534 2651 1693 2699 videri

161 2731 374 2780 codicem
415 2731 595 2780 diserte
639 2732 884 2796 professus
926 2738 1018 2780 est.
1089 2731 1233 2791 Quod
1270 2736 1546 2778 antestatus
1581 2747 1693 2777 cum

160 2809 436 2874 fragmento
466 2809 745 2858 Matritensi
768 2810 819 2857 in
845 2810 892 2857 H
919 2815 981 2869 69
1008 2809 1262 2874 incipienti
1297 2809 1507 2856 codicem
1542 2807 1692 2872 iungo

162 2904 197 2934 s.
241 2886 432 2934 X—XI
473 2887 796 2936 bibliothecae
836 2887 1043 2936 Victorii
1083 2886 1363 2934 Emanuelis
1401 2885 1690 2942 Romanum,

165 2964 250 3027 qui
292 2964 512 3013 continet
548 2965 694 3013 A—Z
739 2965 908 3014 Iliadis
950 2965 1228 3028 desinitque
1265 2963 1316 3012 in
1353 2963 1391 3010 Z
1432 2979 1533 3024 373.
1618 2962 1692 3011 Dc
