1979 3249
765 81 1114 123 PRAEFATIO.
1573 80 1708 124 xxxiii

172 204 413 249 zetemata
453 198 727 264 scholiaque
761 199 958 247 aliunde
994 197 1237 247 inseruitl.
1309 195 1400 245 Vel
1438 195 1706 261 Lipsiensis

170 280 334 337 codex,
354 297 498 344 quem
525 297 585 327 ex
610 279 651 326 B
669 279 707 326 T
733 283 783 326 et
810 277 1072 325 Eustathio
1095 276 1356 325 conflatum
1378 293 1481 323 esse
1500 281 1705 332 constat,

170 375 231 404 ex
258 357 301 404 D
328 356 562 406 nonnulla
585 355 845 422 supplevit.
918 355 1064 416 Quod
1087 373 1198 403 cum
1222 371 1300 402 me
1323 354 1520 419 fugeret
1536 354 1702 402 Herm.

169 434 290 482 XIX
312 454 359 500 p.
382 440 474 496 285
495 454 580 500 sq„
605 442 786 483 restare
811 434 915 483 dixi
933 451 1043 481 rara
1068 433 1309 498 quaedam
1337 432 1537 497 (glossas
1561 449 1704 497 prae-

169 514 355 578 sertim)
381 532 591 578 quorum
616 531 707 579 ego
740 513 976 578 originem
1008 511 1258 561 nescirem.
1327 510 1526 559 Novum
1551 511 1706 576 igitur

168 591 257 640 hoc
280 609 416 640 meae
442 592 501 640 de
525 591 767 657 Lipsiensi
799 590 1198 639 commentationi
1232 589 1381 636 velim
1414 589 1652 653 adiungas
1673 594 1701 637 2.

170 668 398 734 Denique
427 670 719 718 recentiores
746 668 945 726 librarii,
972 668 1056 732 qui
1086 668 1200 716 inde
1230 685 1258 714 a
1289 685 1324 715 s.
1358 667 1491 714 XIII
1521 667 1706 715 codices

168 748 216 794 A
237 746 278 794 B
298 748 337 794 T
363 747 713 795 additamentis
736 745 909 794 multis
944 750 1197 802 auxerunt,
1224 762 1400 810 genere
1426 745 1470 791 D
1496 745 1706 793 libenter

167 824 450 872 utebantur.
544 823 686 880 Quod
734 831 976 889 quantum
1024 824 1086 872 ad
1133 823 1337 871 alteram
1385 822 1703 887 Townleyani

166 918 367 949 manum
392 919 426 950 s.
464 902 599 949 XIII
637 909 689 950 et
719 902 914 950 tertiam
942 902 1022 950 vel
1056 902 1373 966 posteriorem
1399 906 1529 949 recte
1564 901 1704 949 aesti-

167 979 369 1028 mandas
393 980 626 1037 conferat,
652 980 898 1028 volumine
924 981 1077 1029 altero
1102 979 1305 1045 patebit«.

1131 1097 1404 1145 ERNESTUS
1441 1097 1633 1146 MAAss.

282 1212 466 1253 Berole'ni
486 1228 533 1255 m.
563 1213 645 1256 ch.
673 1213 751 1255 188
756 1223 794 1267 5.

221 1395 233 1415 ¹
264 1396 323 1434 Cf.
351 1409 474 1434 meam
496 1397 543 1434 de
565 1397 745 1435 Leidensi
768 1398 1131 1436 commentationem
1152 1397 1290 1436 Herm.
1309 1398 1411 1435 XIX
1432 1412 1494 1448 pp.
1514 1399 1701 1446 534-564

166 1454 205 1488 et
227 1449 486 1488 Schraderum
507 1451 557 1488 ib.
581 1452 653 1487 XX
674 1465 738 1501 pp.
760 1455 958 1500 380-406.
1017 1453 1147 1490 Inesse
1167 1466 1289 1502 pauca
1308 1453 1348 1490 in
1370 1453 1440 1499 Ld,
1462 1467 1560 1502 quae
1580 1466 1703 1502 neque

166 1505 206 1541 in
238 1505 269 1541 B
299 1518 420 1554 neque
450 1505 490 1542 in
521 1505 717 1543 hodiernis
748 1506 978 1544 scholiorum
1010 1507 1045 1543 D
1076 1507 1316 1544 editionibus
1351 1507 1610 1544 Eustathiove
1641 1521 1702 1543 re-

164 1559 376 1608 periantur,
397 1560 478 1608 ipse
509 1564 548 1596 et
574 1565 667 1597 tunc
691 1560 772 1596 dixi
799 1574 836 1609 p.
864 1563 941 1608 546
967 1565 1005 1598 et
1031 1573 1107 1608 554
1138 1562 1227 1598 adn.
1258 1566 1296 1599 et
1323 1566 1468 1611 postea,
1491 1575 1578 1598 cum
1604 1561 1700 1598 mihi

166 1613 316 1661 ἱστορίας
345 1613 682 1663 m)†hogra1)liicas
716 1628 763 1651 ex
795 1614 952 1652 scholiis
991 1629 1269 1664 componerem,
1303 1622 1570 1653 connrmatum
1607 1616 1699 1653 vidi.

164 1665 256 1704 Alia
289 1667 477 1715 quaedam
504 1667 712 1717 diligenter
736 1673 780 1705 ut
807 1670 903 1706 solet,
931 1669 1168 1706 Schraderus
1194 1683 1320 1719 nuper
1349 1670 1537 1719 suggessit
1566 1670 1699 1707 Herm.

164 1721 238 1758 XX
258 1735 294 1770 p.
319 1723 393 1769 387
423 1735 502 1772 sqq.
559 1722 670 1759 Inter
698 1735 797 1772 quae
823 1723 943 1761 fuisse
973 1724 1034 1761 vel
1062 1729 1253 1761 zetemata
1282 1725 1467 1762 nonnulla
1494 1724 1701 1774 Porphyrii

163 1775 312 1813 effecit:
366 1789 600 1825 quamquam
646 1782 736 1815 sunt
779 1791 876 1826 quae
921 1778 1099 1816 eximam.
1169 1778 1275 1815 Hinc
1323 1779 1506 1816 lemmata
1545 1792 1700 1828 quoque

164 1829 373 1879 Porphyrii
406 1830 447 1866 in
480 1831 511 1867 B
546 1834 583 1868 et
613 1831 648 1867 D
679 1831 820 1869 omissa
850 1832 1019 1882 potuisse
1051 1832 1142 1869 addi
1174 1832 1273 1869 mihi
1304 1833 1407 1871 idem
1438 1833 1631 1883 persuasit
1662 1847 1698 1882 p.

166 1886 237 1931 381
265 1897 348 1934 sqq.
407 1885 621 1922 Trans-iisse
640 1889 770 1923 tamen
792 1886 832 1922 in
852 1886 912 1923 Ld
933 1887 1050 1924 etiam
1071 1887 1215 1924 scholia
1237 1887 1283 1924 B2
1303 1888 1537 1937 cogitatione
1557 1888 1700 1926 iterata

164 1938 300 1976 iisdem
322 1952 420 1988 quae
441 1943 536 1977 tunc
557 1939 675 1977 attuli
696 1941 938 1989 argumentis
959 1955 1180 1991 consequor.

219 1994 231 2013 ²
262 1993 384 2030 Velut
412 1993 528 2031 schol.
559 1994 746 2031 Leidense
775 1994 811 2031 A
846 2008 917 2032 122
949 1995 1102 2046 (Herm.
1134 1996 1157 2033 1.
1190 2010 1220 2034 c.
1248 2009 1284 2046 p.
1320 1995 1412 2046 285)
1444 1993 1577 2048 ξυνήια]
1607 1998 1698 2032 κοινὰ

163 2047 319 2093 χρήματα
339 2047 381 2084 in
402 2048 481 2085 solo
502 2048 537 2084 D
559 2049 671 2094 inest,
692 2048 787 2086 item
807 2049 894 2087 alia.

218 3026 309 3056 vot.
336 3027 371 3055 V.
916 3034 935 3057 c
