1979 3249
232 112 302 153 xiv
825 113 1173 155 PRAEFATIO.

231 227 341 276 bitu
391 227 655 293 diligenter
693 227 960 277 observato.
1035 228 1441 278 Emendationem
1482 230 1763 295 frequenter

230 305 491 354 admodum
512 306 819 371 periclitatus
839 324 968 355 sum:
994 310 1136 355 tanta
1153 307 1530 372 depravatorum
1548 307 1762 357 locorum

230 384 367 448 copia
391 384 695 449 suppetebat.
751 383 1002 432 Increbuit
1026 391 1193 434 autem
1217 385 1313 434 ista
1339 385 1621 451 depravatio
1646 403 1761 434 casu

229 469 278 510 et
316 480 401 526 per
431 462 695 510 scribarum
730 461 1125 526 imprudentiam,
1152 481 1248 511 non
1273 462 1530 512 voluntate
1566 470 1618 511 et
1657 481 1761 529 per-

228 540 332 588 dito
379 539 589 604 quodam
647 540 986 604 corrumpendi
1042 558 1213 589 amore.
1306 541 1561 589 Permulta
1608 541 1762 606 igitur

227 618 503 665 litterarum
522 617 683 682 apices
698 617 918 665 rimando
938 618 998 666 ab
1019 618 1126 666 aliis
1146 618 1284 667 velut
1309 619 1531 668 Bekkero
1557 619 1759 684 ipsoque

226 714 304 745 me
339 702 470 744 certo
507 702 596 743 aut
631 695 953 760 probabiliter
989 703 1164 745 sanata
1199 705 1328 755 sunt,
1353 698 1626 763 supplendo
1662 697 1760 746 alia

226 791 313 822 nec
338 790 492 838 pauca
516 773 959 838 redintegravimus
983 794 994 833 3
1032 775 1216 823 acriora
1247 775 1462 823 remedia
1496 793 1650 841 paene
1685 776 1758 823 in-

225 852 360 899 vitus
406 851 458 899 in
505 851 823 899 adnotatione
866 869 1217 917 nonnunquam
1265 853 1448 902 obtuli:
1505 871 1631 918 quae
1679 852 1759 901 de-

224 935 421 993 sperata
455 928 754 986 viderentur,
795 947 963 978 eorum
1007 930 1218 994 plurima
1250 931 1431 980 ibidem
1473 932 1574 979 sive
1617 931 1757 996 signo

224 1007 621 1072 interrogationis
665 1007 725 1070 (3)
769 1007 870 1056 sive
908 1009 1090 1072 apertis
1128 1009 1288 1057 verbis
1329 1009 1570 1059 indicavi:
1632 1026 1757 1074 quae

223 1085 306 1133 alii
350 1085 499 1132 velim
545 1085 824 1149 expediant.
912 1086 983 1134 Ut
1028 1086 1091 1134 ad
1139 1086 1280 1151 signa
1329 1087 1525 1135 veniam
1573 1086 1757 1152 partim

222 1163 433 1227 margini
458 1181 486 1210 a
510 1181 587 1210 me
611 1163 808 1228 adpicta
831 1164 1012 1228 partim
1048 1165 1098 1211 in
1131 1171 1327 1212 text-um
1361 1166 1558 1222 inserta,
1585 1164 1644 1213 de
1680 1164 1756 1212 his

221 1241 436 1289 breviter
455 1241 711 1289 dicendum
728 1248 818 1299 est,
841 1241 932 1289 soli
950 1260 1006 1290 ea
1026 1241 1221 1291 lectoris
1240 1243 1489 1291 commodo
1509 1243 1756 1291 destinata

222 1337 341 1368 esse.
399 1319 526 1367 Nam
556 1336 666 1367 cum
704 1320 1028 1367 necessarium
1052 1320 1118 1368 sit
1142 1338 1238 1368 non
1276 1321 1411 1385 prius
1447 1320 1642 1368 scholiis
1677 1320 1755 1369 uti

223 1397 512 1454 Homericis,
537 1415 685 1461 quam
711 1390 1004 1461 comparatis
1025 1398 1154 1446 inter
1173 1415 1223 1445 se
1244 1404 1295 1446 et
1318 1398 1562 1463 suppletis
1587 1398 1754 1462 singu-

221 1474 280 1522 lis
313 1474 558 1523 codicibus
582 1474 904 1539 archetypum
932 1475 1253 1533 renovaveris,
1278 1476 1494 1541 pupugit
1518 1475 1751 1533 animum,

221 1552 349 1617 quod
387 1559 589 1617 propter
624 1552 801 1600 edendi
833 1570 1017 1600 morem
1056 1553 1311 1612 Dindorfii‚
1339 1553 1424 1618 qui
1459 1553 1537 1601 vel
1573 1553 1755 1601 scholia

218 1635 387 1695 aperte
413 1631 542 1678 inter
573 1648 624 1678 se
652 1630 811 1679 aliena
835 1638 885 1678 et
911 1631 997 1678 vix
1033 1629 1208 1680 leviter
1242 1631 1293 1678 in
1328 1631 1572 1680 codicibus
1606 1649 1754 1696 copu-

219 1709 320 1756 lata
345 1709 599 1757 dissociare
625 1708 985 1773 supersedebat,
1010 1717 1173 1757 rectus
1197 1710 1490 1759 scholiorum
1515 1728 1632 1758 usus
1658 1709 1753 1757 nisi

218 1804 396 1852 magno
443 1786 675 1851 temporis
723 1786 1018 1835 detrimento
1058 1787 1317 1852 taedioque
1359 1787 1539 1836 maiore
1580 1786 1754 1834 redimi

218 1882 316 1912 non
339 1868 512 1929 potest.
586 1863 923 1929 Townleyana
947 1865 1102 1929 igitur
1125 1872 1184 1913 ut
1208 1866 1349 1931 potui
1384 1865 1589 1914 discrevi
1613 1864 1753 1930 signo

217 1942 238 2006 ᾗ
281 1942 590 1990 Boeckhiano
639 1942 926 2007 simpliciter
962 1943 1231 2001 interlectQ
1269 1944 1401 2008 quod
1436 1943 1527 1991 sibi
1561 1942 1753 1991 auferat

218 2020 433 2068 addatve
465 2020 542 2068 cui
575 2037 699 2085 opus
731 2020 1009 2070 videbitur:
1050 2039 1164 2069 nam
1199 2021 1398 2070 dubiam
1432 2021 1576 2069 modo
1610 2020 1753 2068 modo

219 2099 320 2148 fere
367 2106 549 2147 certam
596 2099 814 2147 intuenti
861 2099 1170 2164 quorundam
1217 2099 1506 2147 scholiorum
1564 2115 1752 2162 compo-

221 2178 446 2225 sitionem
476 2176 629 2225 videri
653 2176 788 2224 varie
813 2183 1047 2241 expertus
1071 2176 1231 2226 didici.
1303 2176 1496 2225 Deinde
1531 2176 1751 2224 taedium

217 2255 314 2303 vici
348 2262 399 2303 et
433 2254 642 2320 margini
679 2255 925 2320 adscripsi,
950 2261 1120 2303 utrum
1151 2254 1264 2302 libri
1291 2254 1333 2301 A
1359 2260 1410 2302 et
1435 2254 1477 2302 B
1504 2253 1751 2302 Dindorfii

217 2333 328 2397 plus
371 2332 583 2381 habeant
628 2333 729 2398 (-Ι-)
767 2351 830 2381 an
865 2333 1028 2381 minus
1066 2333 1169 2398 (-—)
1205 2351 1268 2381 an
1309 2331 1538 2398 legantur
1572 2331 1751 2380 similia

219 2411 339 2475 (ω).
410 2411 570 2476 Aegre
606 2411 908 2460 conferendis
944 2411 1208 2459 Eustathio
1245 2417 1296 2459 et
1331 2410 1524 2459 scholiis
1555 2409 1599 2456 D
1624 2427 1749 2473 quae

218 2489 404 2535 minora
445 2488 677 2536 dicuntur
712 2488 942 2545 abstinui,
979 2488 1055 2536 his
1090 2488 1208 2552 quia
1241 2488 1370 2535 iusta
1405 2487 1543 2534 deest
1579 2487 1744 2545 editio,

220 2565 494 2624 Eustathio,
522 2566 638 2630 quia
662 2584 787 2630 quae
817 2566 960 2614 hodie
989 2565 1119 2613 solus
1143 2565 1319 2613 testari
1344 2564 1501 2612 fertur
1525 2581 1582 2611 ea
1612 2582 1747 2628 mag-

219 2661 331 2691 nam
354 2650 543 2708 partem
560 2644 656 2691 scio
671 2644 777 2691 aliis
795 2643 1088 2691 scholiorum
1107 2660 1161 2690 ac
1176 2641 1387 2690 vetustis
1403 2641 1646 2690 codicibus
1661 2659 1747 2706 per

217 2720 530 2768 bibliothecas
556 2720 783 2785 dispersis
809 2720 1083 2785 propagari.
1124 2718 1471 2767 Escorialensis
1490 2719 1746 2767 Laurenti-

218 2816 339 2846 anus
365 2798 671 2863 Harleyanus
695 2797 781 2845 alii
806 2798 844 2845 si
864 2798 1058 2861 quando
1085 2797 1352 2845 examinati
1377 2801 1541 2861 etqua
1564 2814 1652 2860 par
1669 2803 1744 2845 est

219 2876 474 2940 diligentia
490 2875 693 2940 expilati
711 2881 870 2933 erunt,
888 2875 988 2923 sore
1006 2892 1220 2939 auguror
1229 2880 1286 2922 ut
1296 2874 1551 2923 Homerica
1567 2874 1744 2923 Eusta-

219 2952 310 2999 thii
336 2954 490 3001 rarius
516 2953 675 3003 multo
699 2952 833 3001 adire
858 2952 1003 3001 liceat
1026 2969 1172 3016 quam
1200 2952 1342 3000 hodie
1368 2952 1660 3002 conceditur.
