1979 3249
695 131 1043 176 PRAEFATIO.
1565 132 1638 173 xix

101 246 230 294 hunc
265 245 462 310 quidem
493 244 671 294 habere
708 251 862 310 patet,
888 246 981 294 nisi
1015 262 1139 311 quae
1175 263 1235 293 ex
1270 243 1638 310 quattuorviro-

100 342 209 372 rum
257 323 445 389 sylloga
491 323 804 388 proveniunt.
876 323 1010 388 Ergo
1052 323 1094 371 is
1136 341 1333 388 quoque
1376 322 1513 370 fonte
1554 321 1637 369 isso

99 401 252 449 altero
294 401 426 449 unde
468 407 615 449 antea
657 407 709 449 et
746 406 858 466 post
898 400 1094 449 haurire
1134 399 1356 465 perrexit
1393 399 1638 448 abstinere

99 485 296 528 coactus
350 484 467 528 erat.
566 478 797 527 Ceterum
854 496 930 526 res
979 478 1149 526 eadem
1195 479 1276 527 vel
1326 478 1377 525 in
1424 477 1638 527 editione

101 557 393 606 scholiorum
427 557 471 604 D
504 557 792 606 Lascaridea
826 555 1062 613 cernitur,
1099 555 1159 604 de
1196 574 1294 620 qua
1329 556 1386 605 cf.
1425 574 1525 621 cap.
1553 555 1638 604 IV.

102 635 241 695 Quae
266 653 377 683 cum
402 636 474 682 ita
499 635 612 692 sint,
638 634 872 682 amiserat
895 634 994 681 iam
1024 633 1335 698 aliquantum
1365 640 1482 682 ante
1518 651 1638 683 saec.

102 714 151 762 X
176 714 293 762 haec
319 713 499 761 scholia
522 731 620 761 uno
645 719 704 760 ut
728 712 929 760 videtur
953 711 1072 760 folio
1110 711 1380 777 perscripta
1403 730 1641 761 commen-

101 793 257 841 tarius
289 791 391 838 AB
412 791 459 838 D
481 791 521 838 Τ
559 789 803 839 codicibus
844 789 1126 838 communis.
1201 790 1347 849 Quod
1382 790 1534 838 nolim
1569 790 1642 838 ita

101 869 255 934 accipi
279 869 420 933 quasi
444 887 506 917 eX
531 868 801 934 exemplari
826 867 996 916 eodem
1021 867 1233 915 derivati
1257 868 1357 915 sint
1380 887 1388 917 ε
1415 885 1540 932 quae
1564 885 1642 915 res

101 965 162 995 ne
199 947 252 994 in
288 947 331 994 B
367 952 417 994 et
451 947 490 994 T
517 946 719 1011 quidem
756 945 964 994 accidit:
1000 946 1194 1010 saepius
1230 945 1362 993 enim
1396 945 1483 993 ubi
1518 945 1643 993 alter

100 1024 329 1073 librarius
354 1042 523 1072 verum
563 1029 806 1089 propagat
841 1023 968 1071 alter
991 1023 1315 1088 archetypum
1349 1023 1512 1087 legere
1543 1041 1642 1071 non

99 1102 274 1157 valuit,
316 1102 401 1150 sed
441 1101 661 1167 ineptam
703 1100 986 1150 litterarum
1029 1100 1310 1167 congeriem
1351 1101 1607 1167 descripsit
1626 1120 1639 1160 ;

98 1180 220 1228 item
245 1179 352 1229 alia.

170 1258 362 1306 Notum
404 1263 480 1306 est
527 1257 774 1323 duplicem
821 1256 1115 1306 scholiorum
1157 1257 1440 1307 criticorum
1466 1256 1643 1306 seriem

101 1335 155 1384 in
191 1336 235 1384 A
270 1335 521 1384 inductam
558 1354 660 1385 esse
696 1336 886 1384 ambitu
919 1336 1168 1385 diversam
1185 1343 1214 1395 1,
1243 1355 1452 1402 quorum
1486 1335 1645 1385 altera

101 1432 256 1479 eaque
291 1414 485 1462 brevior
508 1415 568 1463 ad
594 1415 635 1462 B
656 1415 695 1462 T
721 1415 944 1479 proxime
981 1415 1195 1474 accedat,
1222 1415 1442 1464 discedat
1477 1421 1645 1463 tamen

102 1491 286 1540 altera:
312 1498 428 1540 sunt
455 1493 604 1540 etiam
630 1510 755 1558 quae
780 1493 978 1556 utrique
1006 1493 1174 1557 generi
1198 1493 1457 1541 adscribas.
1510 1492 1645 1540 Haec

106 1588 195 1635 per
230 1588 385 1617 unum
421 1569 600 1618 librum
638 1588 905 1635 persequar
940 1571 1230 1619 accuratius.
1299 1571 1381 1619 Ad
1420 1583 1452 1619 Γ
1489 1570 1643 1618 unde-

104 1647 287 1712 viginti
312 1647 351 1694 Τ
377 1647 528 1695 codex
560 1647 783 1704 tradidit,
808 1665 1016 1712 quorum
1044 1648 1113 1712 (I)
1140 1649 1238 1696 duo
1270 1648 1322 1695 in
1349 1647 1390 1694 B
1417 1647 1508 1713 (ΙΙ)
1537 1653 1644 1695 octo

102 1724 155 1772 in
180 1724 227 1771 A
252 1724 352 1772 solo
380 1723 504 1788 (ΙΙΙ)
531 1725 750 1789 quinque
774 1724 826 1772 in
851 1726 893 1772 A
915 1725 955 1772 B
981 1724 1048 1773 sic
1072 1726 1331 1785 iterantur,
1358 1730 1415 1774 ut
1440 1724 1645 1773 eandem

101 1801 430 1851 redactionem
453 1820 688 1867 agnoscas
706 1821 719 1862 ;
755 1802 970 1852 conferas
993 1802 1135 1851 modo
1157 1822 1168 1853 z

858 1949 891 1986 Ι.

162 2043 223 2080 13.
257 2028 644 2083 κονίσαλος-ἆελλὴς]
677 2031 839 2079 Ἀριστο-
961 2032 1218 2081 Ἀριστοφάνης
1252 2034 1382 2081 γράφει
1421 2035 1444 2052 “
1461 2035 1644 2070 κονισάλου

102 2095 213 2141 φάνης
231 2095 360 2142 γράφει
381 2096 402 2114 “
417 2096 600 2131 κονισάλου
621 2094 738 2143 ὤρνυτ’
758 2095 838 2131 ἀελ-
909 2095 1026 2144 ὤρνυτ’
1046 2095 1173 2142 ἀελλής
1186 2094 1206 2109 ”
1228 2095 1276 2135 Β.

103 2156 197 2204 λής”
219 2156 261 2193 Τ.

161 2232 222 2266 42.
252 2221 406 2267 ὑπόψιον
439 2217 573 2271 ἄλλων]
593 2250 601 2258 .
623 2249 631 2258 .
654 2247 663 2258 .
682 2220 840 2268 Ἀριστο-
962 2249 973 2259 .
994 2249 1003 2259 .
1024 2250 1034 2259 .
1053 2220 1308 2268 Ἀριστοφάνης
1345 2223 1382 2258 δέ
1423 2223 1447 2240 “
1461 2223 1610 2269 ἐπόψιον
1622 2219 1643 2235 '’

105 2284 216 2329 φάνης
247 2284 283 2317 δὲ
318 2281 532 2330 “grandnm''
569 2284 708 2330 γράφει,
743 2283 781 2318 ἵν’
820 2281 842 2329 ᾗ
907 2284 1036 2330 γράφει
1062 2286 1116 2318 καὶ
1140 2285 1179 2319 οὐ
1204 2285 1322 2329 στίζει,
1339 2284 1378 2320 ’ἶν’
1401 2282 1530 2330 ᾖοῧτω
1551 2286 1644 2318 (λώ-

106 2347 186 2381 ’ἐπὶ
204 2346 338 2381 πάντων
358 2347 513 2391 ὁρώντων
528 2346 683 2391 κερδᾶναι
697 2346 757 2392 τὴν
772 2346 840 2381 ἀπὸ
907 2347 974 2390 βην
1007 2343 1092 2380 εἶναι
1125 2347 1179 2382 καὶ
1213 2347 1369 2393 κερδᾶναι
1403 2347 1462 2392 τὴν
1491 2346 1558 2382 ἀπὸ
1587 2348 1645 2391 τῆς

104 2410 164 2453 τῆς
183 2409 295 2456 φυγῆς
314 2406 500 2455 αι’σχύνην’
524 2406 567 2447 Τ.
908 2410 1023 2455 φυγῆς
1055 2408 1221 2455 αἰσχύνην
1251 2410 1307 2446 ἐπὶ
1339 2411 1399 2455 τῆς
1436 2411 1571 2445 πάντων
1609 2409 1645 2445 ὅ·

909 2469 1026 2519 ψεως’
1049 2469 1093 2509 Β.

163 2684 225 2720 99.
258 2669 430 2725 πέποσθε]
478 2675 500 2691 “
513 2674 669 2710 πέπασθε
682 2672 703 2688 '’
753 2674 840 2712 οὕτω
964 2671 1139 2727 πέπασθε]
1162 2675 1215 2710 διὰ
1241 2677 1301 2711 τοῦ
1321 2676 1341 2711 ἇ
1359 2675 1398 2711 τὸ
1419 2675 1439 2694 “
1452 2673 1608 2711 πέπασθε
1622 2671 1643 2688 ”

105 2737 215 2771 πᾶσαι
238 2734 280 2772 T.
910 2736 1138 2786 Ἀρίσταρχος
1158 2737 1238 2776 Α’ῧ.2

163 2821 175 2842 ¹
206 2822 262 2860 Cf·
288 2821 452 2860 Rofflnffl'
480 2822 635 2862 ‘Ueber
661 2824 723 2862 dic
744 2824 886 2862 YVcrkc
915 2825 985 2863 der
1010 2824 1284 2864 Aristarc-hcm·
1311 2826 1359 2862 im
1388 2825 1480 2864 Cod.
1501 2825 1644 2866 Venet,

107 2876 163 2914 A,
185 2876 468 2927 (Sitzungssbt'r-
491 2878 528 2915 d·
550 2879 664 2928 Bayr.
684 2878 761 2917 Ak.
784 2880 820 2917 d.
841 2880 954 2917 XViss.
975 2882 1074 2929 1875
1099 2880 1141 2917 ΙΙ
1162 2894 1199 2930 p.
1225 2893 1294 2926 241
1314 2879 1424 2929 sqq,),

107 2930 260 3034 gigas&
288 2936 379 2972 sunt
408 2931 552 2973 scholia
577 2933 619 2972 in
644 2933 684 2974 A
712 2934 1062 2986 interium-ginali&
1083 2935 1146 2975 A*
1170 2934 1449 2983 inter-linearia,
1479 2934 1516 2973 A
1543 2947 1643 2974 mar-

835 3053 920 3096 b2
