1979 3249
221 105 324 146 xxiv
814 104 1161 147 PRAEFATIO.

221 240 318 292 quo
355 246 479 292 quae
509 227 624 275 olim
651 244 838 274 mecum
864 227 916 275 O.
945 226 1003 274 de
1029 227 1285 277 Gebhardt
1308 229 1517 296 benigne
1541 251 1755 284 commu-

221 306 467 353 nicaverat
498 306 684 369 (Herm.
713 303 838 351 XIX
860 322 905 369 p.
937 319 960 366 5
971 319 1031 366 59
1069 304 1212 371 sqq),
1239 311 1482 371 quatenus
1518 329 1638 375 opus
1664 317 1753 370 est,

220 390 415 448 repeto:

276 508 285 524 ‘
302 504 442 550 Codex,
465 518 579 554 quem
612 504 703 542 olim
738 504 915 542 Muretus
943 505 975 542 F
978 505 1222 555 rancogallus
1251 504 1474 558 (1526-85)
1504 507 1662 555 Romae,
1684 509 1754 547 ubi

219 567 311 604 inde
342 568 390 604 ab
419 581 518 605 anno
551 569 623 615 156
630 581 650 615 3
684 568 924 613 versabatur,
947 568 1087 605 deinde
1123 569 1328 618 collegium
1359 570 1449 607 fidei
1480 572 1755 620 propagandae

220 630 457 667 Iesuitarum
471 630 686 667 Romanum
701 629 919 680 (conditum
934 644 966 667 a,
982 630 1099 680 1622)
1113 631 1345 680 possederat,
1362 631 1403 668 in
1421 630 1462 678 4O
1480 635 1551 681 167
1568 633 1660 670 folia
1675 647 1754 671 non

219 695 423 730 numerata
458 692 622 741 trigenis
656 692 780 730 ternis
812 706 882 742 per
916 692 1087 742 singulas
1126 693 1288 743 paginas
1322 693 1436 731 lineis
1469 695 1754 744 complectitur.

219 754 350 791 Primo
370 754 459 792 folio
483 758 634 792 mature
655 755 794 792 amisso
816 755 1010 792 recentius
1032 756 1230 793 successit.
1288 756 1400 793 Adde
1422 757 1526 805 quod
1556 757 1755 806 scriptura

218 817 259 854 in
289 817 403 854 initio
433 821 472 854 et
500 817 576 854 fine
607 818 685 854 fere
718 831 831 854 exesa
865 831 978 866 aegre
1013 822 1051 855 et
1086 832 1133 856 ne
1168 832 1283 867 aegre
1315 819 1471 868 quidem
1504 819 1580 868 legi
1611 823 1754 869 potest.

218 880 299 918 Fol.
333 893 347 917 1
382 884 420 917 et
453 893 471 917 2
505 880 645 917 Iliadis
674 893 858 928 personae
886 880 968 917 vita
1003 884 1138 929 poetae
1170 881 1369 930 signorum
1399 881 1625 919 criticorum
1662 896 1754 919 con—

218 947 374 992 spectus
391 943 415 987 ¹,
456 942 622 992 (lenique
654 942 747 979 libri
781 941 897 991 primi
932 942 1185 979 summarium
1216 944 1438 981 uncialibus
1468 958 1489 980 a
1520 944 1753 981 scholiorum

217 1004 448 1042 minusculis
468 1009 511 1042 ut
534 1009 662 1042 cetera
683 1018 834 1055 quoque
857 1005 1064 1042 summaria
1084 1005 1312 1043 distinctum
1334 1006 1564 1052 exhib-etur3
1594 1006 1685 1043 folio
1710 1014 1754 1054 3³

218 1067 267 1105 ad
288 1071 439 1105 textum
461 1067 681 1117 scholiaque
702 1067 910 1105 transitur.
966 1067 1120 1105 Priores
1139 1071 1218 1105 tres
1238 1068 1329 1105 libri
1348 1068 1574 1118 theologicis
1594 1069 1755 1119 quibus-

220 1130 309 1168 dam
330 1130 603 1180 excipiuntur?

287 1229 397 1277 Hoc
443 1229 597 1294 igitur
634 1229 966 1295 fragmentum
1001 1248 1029 1278 a
1064 1228 1344 1277 Matritensi
1385 1229 1610 1278 avulsum
1646 1248 1752 1278 esse

218 1313 421 1372 propter
459 1307 842 1372 descriptionum
889 1326 1179 1355 consensum
1216 1308 1333 1354 mihi
1374 1325 1528 1371 paene
1565 1312 1754 1355 certum

217 1385 430 1433 videtur.
519 1385 758 1433 Messinae
799 1386 954 1450 igitur
999 1386 1127 1433 hunc
1172 1385 1355 1432 librum
1403 1385 1518 1432 olim
1568 1391 1755 1433 emerat

218 1462 575 1510 Constantinus
600 1462 829 1511 Lascaris.

288 1558 328 1589 2.
367 1540 685 1588 Meminimus
711 1540 885 1589 Ianum
912 1540 1229 1589 Constantini
1254 1540 1453 1589 fratrem
1479 1540 1749 1606 principem

216 1617 508 1666 scholiorum
552 1618 596 1666 D
635 1619 900 1666 editionem
937 1619 1123 1666 Romae
1164 1634 1291 1680 1519
1328 1618 1462 1683 typis
1505 1618 1750 1682 gymnasii

217 1695 545 1744 Mediceorum
586 1697 761 1761 graeci,
812 1697 890 1744 cui
937 1702 1057 1743 tunc
1099 1702 1335 1760 praeerat,
1377 1695 1750 1759 imprimendam

217 1791 422 1822 curasse.
513 1773 587 1821 De
635 1774 863 1823 subsidiis
912 1773 1010 1822 suis
1060 1773 1241 1821 librum
1288 1773 1451 1838 ipsum
1490 1773 1558 1820 ita
1600 1772 1752 1820 Ianus

218 1851 334 1899 facit
360 1851 692 1916 praefantem:

274 1974 460 2013 ‘Homeri
489 1974 683 2026 interpres
717 1979 968 2026 pervetustus
1003 1976 1169 2014 infinitis
1199 1975 1475 2026 propemodum
1501 1975 1751 2025 malignitate

215 2042 434 2088 temporum
458 2039 652 2077 laceratus
680 2040 807 2089 plagis
837 2040 1055 2078 Mediceum
1085 2040 1176 2077 olim
1204 2039 1420 2087 Quirinalis
1448 2038 1526 2075 iam
1557 2038 1751 2076 Caballini

218 2101 364 2138 montis
393 2101 638 2150 gymnasium
669 2102 764 2148 adii,
786 2102 919 2151 ibique
943 2102 1048 2139 haud
1075 2115 1195 2152 parvo
1219 2101 1376 2151 negotio
1403 2100 1444 2137 in
1465 2100 1664 2151 integrum
1693 2114 1751 2138 re-

219 2164 383 2201 stitutus
403 2177 526 2213 purus
547 2163 774 2214 nitidusque
796 2193 804 2202 .
828 2194 835 2202 .
858 2194 866 2202 .
891 2164 931 2201 in
951 2164 1078 2202 lucem
1102 2164 1269 2214 prodeo?

287 2272 503 2332 Quaerat
554 2271 795 2337 quispiam
844 2289 963 2320 num
1011 2271 1136 2320 forte
1195 2271 1375 2318 librum
1436 2269 1749 2319 Constantini

217 2349 774 2398 Romanomatritensem
801 2350 860 2397 ad
897 2350 1164 2414 principem
1191 2349 1455 2397 editionem
1494 2349 1641 2396 Ianus
1666 2348 1750 2396 ad-

217 2427 447 2476 hibuerit.
516 2428 741 2493 Agedum
778 2427 1080 2476 conferamus
1112 2426 1347 2474 nonnulla
1382 2426 1654 2474 Gebbardti
1687 2443 1747 2473 ex

218 2505 492 2568 fragmento
517 2505 737 2554 Romano
765 2505 845 2569 (R)
869 2509 1094 2569 excerpta
1118 2523 1227 2552 cum
1254 2503 1541 2552 Lascaridea
1569 2502 1689 2567 (La).

286 2581 635 2647 Prolegomena
676 2600 800 2647 quae
839 2600 898 2630 ex
935 2582 978 2629 R
1020 2581 1300 2630 enumeravi
1334 2598 1432 2628 non
1466 2580 1615 2628 habet
1650 2581 1748 2639 La3

218 2660 583 2724 inscriptionem
616 2662 815 2724 Ὁμήρου
849 2659 984 2710 'Ducis'
1013 2660 1071 2717 R,
1110 2661 1277 2722 σχόλια
1314 2658 1484 2705 παλαιὰ
1519 2663 1604 2705 τῶν
1639 2658 1750 2704 πάνυ

219 2738 398 2792 δοκίμων
440 2741 495 2788 εἷς
531 2740 609 2792 τὴν
646 2739 844 2802 Ὀμήρου
885 2737 1054 2784 Ἰλιάδα
1103 2738 1188 2784 La.
1273 2736 1378 2784 Iam
1414 2736 1657 2801 adponam
1705 2735 1748 2783 R

220 2815 492 2864 subiunctis
518 2815 743 2864 editionis
768 2816 838 2863 La
864 2815 1228 2880 discrepantiis:

414 2950 426 2996 ,¹
453 2950 511 2989 Cf.
533 2951 726 2990 Dindorfii
747 2952 820 2991 vol.
842 2951 863 2990 I
884 2966 919 3002 p.
942 2952 1077 2990 XLIII
1100 2956 1135 2990 ct
1161 2953 1294 2990 Herm.
1317 2952 1340 2990 l.
1357 2966 1386 2991 c.
1410 2964 1445 3002 p<
1471 2960 1559 3000 574.
