1970 3201
598 472 1192 538 PRAEFATIO.

876 643 915 691 I.

198 746 384 796 CODEX
422 745 592 795 Iliadis
628 746 1017 811 scholiorumque
1053 746 1104 794 in
1142 745 1347 796 Iliadem
1374 747 1460 812 qui
1496 748 1669 796 Town-

127 822 332 888 leyanus
368 843 460 872 usu
497 824 697 873 solemni
732 824 914 872 dicitur
949 825 1346 873 membranaceus
1382 825 1513 874 inter
1544 826 1668 874 Bur-

126 919 343 966 neyanos
379 902 540 951 Musei
576 903 847 951 Britannici
885 906 946 951 86
984 902 1036 950 in
1073 913 1126 963 40
1159 902 1342 951 litteris
1377 903 1666 952 minusculis

126 978 395 1044 diligenter
418 981 488 1029 ita
521 988 765 1040 exaratus,
803 987 863 1029 ut
897 980 1028 1028 infra
1062 980 1215 1029 lineas
1240 999 1365 1046 quae
1395 996 1455 1043 27
1482 981 1533 1028 in
1570 982 1667 1030 sin-

125 1057 255 1123 gulis
278 1058 472 1124 paginis
498 1065 820 1108 numerantur
844 1059 1005 1107 sedem
1032 1058 1321 1124 plerumque
1355 1066 1665 1124 occuparent,

124 1134 242 1183 folia
270 1140 357 1184 281
388 1137 517 1186 mala
547 1137 856 1203 bibliopegae
892 1143 998 1185 arte
1033 1155 1165 1185 nunc
1200 1137 1278 1185 hic
1313 1137 1415 1186 illic
1452 1138 1503 1185 in
1539 1155 1665 1185 mar-

124 1213 238 1277 gine
294 1215 573 1265 circumcisa
631 1216 865 1265 continet.
955 1215 1163 1264 Accedit
1211 1215 1347 1280 quod
1394 1216 1664 1280 primorum

123 1291 349 1341 soliorum
374 1296 617 1360 scriptura
642 1285 1169 1359 umore'temporisque
1194 1293 1338 1360 culpa
1361 1311 1458 1342 non
1482 1293 1666 1342 medio-

124 1369 271 1418 criter
316 1371 459 1420 hodie
500 1373 670 1421 affecta
708 1379 797 1421 est.
874 1371 1041 1420 Codex
1085 1371 1282 1436 quando
1319 1371 1491 1420 finitus
1535 1377 1664 1419 esset

124 1447 238 1496 olim
263 1448 384 1498 libro
408 1450 586 1499 ultimo
617 1450 980 1499 accuratissime
1016 1450 1121 1515 ipse
1158 1449 1387 1498 librarius
1425 1449 1664 1514 subscrip-

125 1533 266 1584 serat,
287 1545 470 1576 annum
496 1535 668 1594 postea
689 1529 813 1577 alius
828 1528 941 1594 quis
967 1527 1297 1592 subscriptum
1324 1527 1664 1576 fraudulenter

123 1605 288 1656 erasit.
362 1606 500 1655 Haec
525 1613 817 1673 supersunt:

315 1700 663 1758 *fructices
704 1692 1310 1782 μΗΝιῖεεΠτεμΒΡῖωι
1356 1692 1403 1754 si]

316 1789 537 1858 ἨμεῬΑ
573 1795 608 1857 Ξ
642 1787 894 1859 ἾΝΔικτῗ
930 1804 979 1856 ff·
1004 1807 1311 1873 sssssssl

121 1893 326 1940 Annum
353 1907 476 1954 1059
504 1911 565 1941 ex
595 1893 877 1941 indictionis
902 1891 1082 1940 mensis
1108 1891 1205 1940 diei
1229 1891 1446 1939 numeris
1470 1891 1660 1940 ratione

122 1970 355 2018 instituta
395 1971 565 2020 Herm.
607 1971 735 2019 XIX
775 1971 942 2036 (1884)
986 1988 1032 2035 p.
1077 1984 1168 2032 275
1214 1987 1282 2034 sq.
1323 1970 1612 2034 recuperavi
1630 1975 1660 2028 ¹,

119 2048 251 2096 unde
276 2047 556 2097 litterarum
580 2049 772 2106 formas,
797 2067 923 2114 quae
948 2047 1073 2096 tales
1099 2054 1215 2096 sunt
1242 2047 1414 2112 quales
1447 2066 1481 2096 s,
1509 2047 1584 2095 XI
1609 2054 1661 2096 et

121 2125 225 2174 XII
271 2127 608 2186 inveniuntur,
650 2146 962 2193 nequaquam
1009 2127 1266 2175 abhorrere
1314 2126 1486 2192 peritis
1533 2132 1658 2191 puto

174 2221 187 2243 ¹
218 2223 323 2260 Nota
352 2223 454 2260 enim
482 2223 575 2261 haec
597 2226 712 2261 sunt:
744 2222 802 2274 (1)
823 2223 923 2260 diem
949 2222 1041 2260 anni
1068 2222 1174 2259 illius
1195 2222 1551 2271 duodevigesimum
1573 2235 1657 2270 sep-

120 2277 282 2315 tembris
303 2281 341 2314 ct
363 2277 569 2327 septimum
590 2277 850 2323 hebdomadis,
874 2276 935 2326 (2)
956 2277 1205 2313 indictionem
1228 2276 1344 2313 fuisse
1371 2276 1531 2313 tertiam
1552 2276 1655 2313 deci-

121 2345 233 2369 mam.
290 2331 372 2368 Iam
402 2332 554 2369 tribulas
579 2331 819 2369 calendarias
843 2330 1060 2380 perlegenti
1081 2330 1143 2380 (cf.
1170 2329 1354 2378 Pilgram,
1377 2330 1654 2367 Calcndarium

121 2386 433 2435 chronologicum
473 2385 591 2422 medii
630 2386 874 2436 potissimum
906 2385 990 2422 aevi
1028 2385 1288 2421 monumentis
1321 2384 1653 2421 accommodatum

119 2440 291 2477 Viennae
318 2443 414 2488 1781
440 2444 478 2477 et
506 2439 613 2478 L'art
634 2441 680 2477 de
701 2440 853 2477 verifier
873 2439 927 2477 les
948 2439 1073 2487 dates)
1096 2439 1184 2475 inde
1214 2452 1236 2475 a
1263 2448 1476 2487 900—1500
1506 2442 1653 2488 septem

118 2494 212 2533 anni
237 2495 463 2540 offeruntur,
486 2495 525 2531 in
547 2508 643 2544 quos
673 2495 749 2531 duo
773 2494 841 2532 illa
868 2494 1013 2530 indicia
1042 2493 1271 2530 conveniant
1303 2506 1392 2540 924,
1419 2494 1509 2540 969,
1539 2504 1651 2541 1059,

124 2562 239 2598 1344,
266 2552 379 2598 1389,
399 2562 512 2597 1434,
540 2558 652 2598 1479.
712 2548 831 2598 Optio
852 2548 958 2585 nulla
972 2552 1092 2596 patet,
1114 2547 1323 2584 dummodo
1337 2547 1477 2584 codicis
1499 2547 1650 2584 littera-

117 2607 247 2642 turam
277 2603 419 2641 saeculi
441 2604 499 2640 XI
520 2604 581 2641 vel
602 2603 688 2641 XII
718 2617 797 2640 esse
824 2603 1022 2653 propriam
1044 2601 1286 2639 concedatur.
1343 2601 1550 2649 Negarunt
1579 2601 1650 2639 hoo

118 2657 394 2708 palaeographi
415 2657 676 2695 Londinenses
697 2656 1053 2707 (Palaeographical
1085 2655 1237 2704 Socicty
1261 2654 1328 2705 67)
1358 2659 1396 2692 et
1427 2655 1475 2692 ad
1505 2669 1649 2692 annum

123 2725 226 2750 1210
257 2712 318 2748 vel
358 2723 457 2759 1255
493 2712 760 2750 ratiocinando
791 2712 1039 2755 devenerunt,
1072 2724 1166 2760 quos
1197 2709 1290 2747 satis
1323 2712 1363 2746 ct
1402 2709 1650 2748 Lehmannus

119 2767 254 2804 Herm.
286 2765 379 2802 XIV
399 2766 539 2816 (1879)
569 2780 606 2816 p.
639 2769 714 2813 408
737 2780 816 2816 sqq.
849 2770 887 2803 et
912 2779 981 2815 ego
1003 2765 1053 2802 ib.
1075 2764 1170 2801 XIX
1198 2778 1234 2814 p.
1269 2773 1342 2811 274
1368 2763 1650 2812 redarguimus,

118 2819 292 2869 Negavit
330 2820 445 2857 etiam
478 2821 797 2858 Gardthauscnus
829 2819 1092 2871 (Gricchischc
1126 2817 1428 2867 Palaeographic
1465 2831 1502 2867 p.
1538 2817 1648 2866 405),

118 2887 352 2925 quamquam
377 2874 547 2911 codicem
580 2875 791 2925 inspexisse
826 2888 901 2911 non
928 2874 1107 2912 videtur:
1149 2877 1281 2910 contra
1305 2885 1418 2921 quem
1451 2872 1649 2910 sufficiunt

117 2942 217 2980 quae
241 2933 280 2966 ct
300 2928 547 2966 Lehmannus
567 2933 606 2967 et
626 2943 695 2979 ego
716 2929 1013 2980 disputavimus.
1071 2928 1217 2966 Verum
1245 2927 1321 2965 iam
1345 2930 1434 2965 ante
1461 2940 1520 2966 me
1543 2926 1648 2965 idcm

117 2983 364 3022 divinaverat
383 2982 638 3022 Lehmannus.
