1979 3249
748 99 1094 142 PRAEFATIO.
1616 99 1691 140 xiii

157 211 485 277 Townleyano
532 211 739 260 salutem
781 213 894 262 huic
937 212 1214 279 quaestioni
1260 230 1337 261 me
1385 220 1691 277 exspectasse

156 291 322 338 fateor.
395 289 570 355 Itaque
617 308 728 338 cum
774 309 860 356 per
908 291 1138 340 eximiam
1186 290 1487 339 MINISTERII
1533 290 1692 338 nostri

157 368 431 416 BORVSSICI
473 368 605 432 quod
645 367 801 416 cultui
844 376 1039 434 praeest
1073 368 1458 417 munificentiam
1494 367 1615 416 mihi
1650 385 1691 416 a.

161 448 282 493 1882
311 445 527 493 adeundi
551 446 731 494 Aratea
757 446 977 495 Parisina
1002 452 1053 494 et
1080 446 1367 494 Britannica
1390 446 1528 511 copia
1551 445 1692 494 fieret

156 522 298 587 isque
346 522 480 572 labor
527 541 612 588 spe
648 524 849 573 celerius
895 524 1148 573 confectus
1195 529 1371 582 essetl,
1417 524 1470 572 in
1516 524 1691 572 Museo

158 600 440 650 Britannico
477 602 670 650 consedi
705 619 792 666 per
826 619 912 651 sex
947 619 1136 650 menses
1170 602 1442 659 continuoS‚
1478 602 1692 650 codicem

155 685 343 743 quanta
387 678 526 744 potui
577 678 673 727 fide
714 697 877 727 meum
926 679 979 727 in
1014 696 1161 727 usum
1209 679 1460 744 descripsi.
1546 679 1693 739 Quod

156 756 234 804 vel
284 763 397 821 post
444 755 687 813 Dindorfii
734 755 1044 805 collationem
1092 774 1265 821 operae
1316 757 1418 805 fore
1473 757 1692 821 pretium

156 834 333 892 censui,
364 834 598 898 siquidem
635 851 696 882 ex
730 834 791 883 iis
828 853 953 900 quae
988 835 1171 900 passim
1206 834 1269 883 ad
1297 835 1345 882 A
1378 834 1418 881 B
1457 834 1692 882 adnotata

155 912 367 976 legeram
424 918 543 960 tunc
588 911 713 960 male
760 912 820 961 de
868 930 925 961 ea
978 912 1364 961 existimandum
1412 912 1689 961 videbatur.

157 989 304 1049 Quod
327 1007 461 1038 secus
485 1008 588 1038 esse
612 997 782 1055 postea
805 991 1045 1056 perspexi.
1119 990 1363 1039 Reversus
1392 990 1443 1037 in
1479 990 1693 1055 patriam

155 1067 389 1116 defuncto
413 1068 615 1116 interim
641 1068 895 1117 Dindorfio
924 1069 1200 1134 impetravi,
1228 1074 1286 1116 ut
1311 1067 1488 1116 edendi
1512 1067 1690 1115 codicis

156 1144 366 1194 officium
412 1146 535 1194 mihi
577 1165 606 1194 a
654 1146 911 1212 Delegatis
959 1146 1287 1195 mandaretur.
1361 1146 1494 1194 Usus
1540 1145 1693 1193 etiam

156 1241 265 1271 sum
300 1224 559 1273 collatione
593 1225 854 1283 Monronis‚
883 1243 1032 1290 quem
1071 1242 1326 1289 nunquam
1362 1241 1462 1271 non
1496 1223 1693 1271 honoris

156 1318 301 1349 causa
320 1303 527 1360 nomino,
549 1303 696 1368 idque
722 1302 796 1352 ita
819 1309 877 1351 ut
904 1303 1296 1368 quotiescunque
1321 1302 1382 1350 ab
1409 1300 1692 1366 apographo

156 1397 264 1427 meo
289 1380 564 1429 discederet
588 1381 709 1429 meis
733 1399 823 1446 ego
850 1380 1003 1429 oculis
1029 1380 1269 1429 confidere
1298 1379 1508 1429 mallem.

225 1457 573 1507 Recensionem
626 1476 785 1506 meam
841 1459 974 1507 iusta
1031 1457 1348 1506 adnotatione
1406 1457 1574 1505 critica
1631 1473 1692 1504 ex

156 1536 328 1584 ceteris
381 1536 624 1585 codicibus
682 1536 1010 1601 subsidiisque
1068 1535 1344 1584 Homericis
1403 1535 1692 1583 concinnata

155 1614 382 1662 instruxi.
466 1614 568 1662 Nec
613 1621 781 1663 tamen
835 1631 1029 1662 omnem
1077 1614 1371 1662 varietatem
1425 1612 1693 1677 subscripsi

155 1692 355 1757 —quod
395 1692 445 1739 in
482 1692 558 1740 his
599 1692 795 1740 scholiis
831 1691 1098 1740 absurdum
1137 1695 1507 1739 esset—verum
1542 1708 1693 1754 quan-

155 1775 265 1818 tum
300 1769 379 1818 vel
419 1770 747 1818 necessarium
783 1769 862 1817 vel
899 1769 1025 1818 utile
1062 1769 1183 1817 mihi
1216 1769 1466 1817 videretur
1508 1768 1659 1833 selegi
1679 1785 1692 1826 ;

156 1849 298 1914 signa
331 1847 417 1896 illa
453 1848 704 1913 exegetica
729 1866 854 1912 quae
885 1848 1035 1896 etiam
1066 1848 1118 1895 in
1143 1848 1186 1895 B
1212 1847 1533 1895 inveniuntur
1556 1863 1692 1911 prae-

156 1926 343 1974 termisi
364 1931 414 1984 23
463 1925 644 1975 scholia
684 1926 895 1974 secunda
937 1932 987 1975 et
1028 1926 1298 1974 recentiora
1339 1926 1389 1972 in
1425 1923 1691 1973 voluminis

155 2005 357 2053 alterius
381 2004 645 2070 appendice
670 2004 988 2053 consocianda
1011 2004 1199 2069 putavi,
1216 2021 1312 2069 quo
1339 2002 1533 2051 facilius
1558 2002 1691 2050 unde

157 2083 496 2148 provenissent
542 2082 811 2148 patefieret.
896 2081 1235 2130 Interlinearia
1284 2080 1479 2129 stellula
1528 2079 1570 2138 *,
1619 2079 1692 2127 in-

156 2161 556 2226 termarginalia3
596 2178 722 2224 quae
771 2164 1011 2208 vocantur
1059 2160 1322 2224 geminatis
1370 2157 1579 2207 stellulis
1606 2157 1631 2186 ’¹‘
1662 2157 1690 2187 '¹‘

157 2256 187 2286 a
231 2239 580 2303 marginalibus
629 2237 851 2295 distinxi,
902 2237 1134 2301 quoniam
1183 2237 1295 2286 sciri
1340 2236 1544 2284 interest
1595 2253 1693 2300 quo

157 2315 375 2380 quidque
414 2316 623 2381 paginae
661 2315 762 2363 loco
805 2313 1016 2380 legatur.
1089 2313 1445 2379 Supplementa
1492 2330 1599 2360 mea
1641 2319 1693 2360 et

157 2394 362 2442 aliorum
380 2392 603 2442 cancellis
633 2399 655 2453 <
690 2398 711 2451 >
742 2391 917 2440 inclusi
935 2398 965 2451 4,
984 2409 1111 2457 quae
1131 2391 1334 2440 delenda
1353 2390 1579 2439 ducerem
1603 2390 1620 2455 [
1655 2390 1689 2455 ]‚

156 2489 280 2537 quae
318 2476 628 2520 evanuerunt
652 2470 732 2519 vel
768 2487 904 2519 erasa
929 2477 1046 2519 sunt
1074 2472 1092 2533 s
1144 2471 1162 2532 j
1188 2468 1346 2534 saepsi
1368 2474 1383 2498 ⁵
1408 2468 1556 2534 spatii
1592 2487 1691 2516 am-

212 2618 224 2639 ¹
255 2618 312 2657 Cf.
337 2619 471 2657 Herm.
494 2619 589 2656 XIX
610 2633 646 2670 p.
672 2632 719 2669 93
738 2633 819 2670 sqq.

211 2674 226 2694 ²
256 2673 313 2710 De
336 2673 397 2711 his
427 2674 652 2712 Dindorfius
681 2674 748 2712 ΙΙΙ
777 2688 814 2724 p.
845 2673 902 2712 VI
932 2673 1120 2724 exposuit.
1179 2671 1325 2710 Eadem
1355 2671 1395 2709 in
1426 2669 1559 2709 multis
1587 2668 1690 2707 codi-

156 2726 265 2764 cibus
287 2727 431 2773 insunt,
452 2728 559 2766 velut
580 2728 694 2766 Arati
716 2729 886 2766 Veneto:
918 2729 962 2766 cf.
987 2729 1120 2767 Herm.
1145 2727 1246 2765 XIX
1266 2741 1303 2779 p.
1331 2729 1415 2764 108.

213 2782 225 2801 ³
257 2785 265 2801 ‘
292 2781 559 2820 Tcxtscholien
572 2782 580 2795 ’
597 2782 728 2832 aptius
748 2783 845 2821 dicit
865 2783 1095 2821 Roemerus.

213 2837 227 2855 ⁴
257 2835 344 2872 Mea
365 2836 589 2874 lemmatum
610 2837 877 2887 supplementa
897 2841 935 2875 et
957 2837 1112 2887 integra
1133 2836 1360 2874 scholiorum
1378 2833 1689 2874 interlinearium

157 2887 339 2927 lemmata
355 2903 374 2927 e
394 2893 505 2928 textu
526 2890 772 2941 Townleyani
794 2891 953 2941 suscepi,
976 2905 1089 2941 quem
1110 2891 1196 2931 idco
1215 2891 1294 2942 ipse
1315 2888 1565 2930 contuleram.

215 2945 228 2965 ‘³
257 2944 322 2994 Pg·
347 2955 434 2993 259,
460 2957 478 2993 3
502 2943 660 2998 [γράφει]
681 2946 796 2986 velim
817 2946 1064 2986 rescribatur.
