1979 3249
717 96 1065 139 PRAEFATIO.
1602 109 1659 136 xv

192 214 251 261 In
288 212 568 261 adornando
607 211 897 261 recensendo
939 208 1243 259 emendando
1285 214 1432 257 textu
1473 208 1657 256 socium

123 291 301 349 habui,
316 309 412 356 quo
439 291 700 356 gratiorem
725 289 847 338 mihi
872 295 923 338 et
946 288 1299 354 promptiorem
1323 304 1421 335 non
1446 285 1658 333 inveniri

124 371 353 437 spondeo,
379 371 857 427 XVILAMOWITZWM,
888 368 1028 416 cuius
1056 367 1261 415 inventa
1285 365 1346 415 W
1371 365 1540 414 littera
1564 364 1660 429 sig-

122 450 331 499 nificavi.
403 449 652 497 Teneatur
688 447 749 496 ad
790 465 957 496 omnes
992 446 1209 494 muneris
1245 445 1341 493 mei
1375 450 1539 509 partes
1575 461 1660 492 ex-

123 527 396 593 sequendas
454 527 709 591 aliquanto
768 524 881 590 plus
938 523 1229 572 indefessam
1286 520 1659 571 Wilamowitzii

123 606 404 655 societatem
429 604 641 653 valuisse
668 622 816 670 quam
843 602 1032 668 aperire
1058 619 1149 667 ego
1179 601 1439 668 potuerim.

852 842 920 890 II.

191 969 241 1019 Si
285 986 371 1034 per
409 986 486 1016 me
529 967 765 1024 stetisset,
807 965 995 1014 Lehrsii
1038 965 1098 1014 de
1141 965 1316 1014 horum
1365 965 1659 1015 scholiorum

121 1047 397 1096 inutilitate
421 1045 658 1094 iudicium
687 1044 778 1092 hac
810 1043 1117 1108 praefatione
1154 1062 1251 1092 non
1288 1044 1499 1109 amplius
1534 1062 1662 1092 com-

120 1142 478 1182 memorassem,
524 1123 757 1188 quoniam
805 1121 931 1170 illud
979 1122 1098 1170 satis
1146 1140 1250 1171 esse
1298 1122 1526 1187 iniquum
1572 1140 1662 1170 nec

120 1203 378 1251 ferendum
425 1220 484 1250 ex
533 1201 822 1250 correctiore
871 1218 1021 1265 quam
1064 1200 1265 1248 Lehrsio
1312 1207 1508 1266 praesto
1555 1206 1661 1249 erat

119 1281 296 1330 codicis
337 1281 382 1329 V
420 1281 601 1329 notitia
642 1297 825 1344 aequos
873 1279 1049 1327 harum
1090 1297 1257 1328 rerum
1298 1279 1661 1328 existimatores

121 1359 393 1408 consentire
446 1358 696 1407 viderem¹
746 1364 797 1406 et
855 1358 994 1406 novis
1054 1358 1298 1422 certisque
1357 1358 1662 1422 argumentis

121 1455 280 1501 nuper
305 1437 407 1501 ipse
445 1455 506 1484 ex
543 1436 871 1500 Townleyano
907 1436 1213 1500 depromptis
1247 1435 1660 1484 confirmavissem

122 1515 313 1577 (Herm.
336 1514 459 1561 XIX
486 1532 530 1578 p.
555 1516 647 1576 568
670 1513 811 1577 sqq).
870 1513 936 1561 Et
960 1513 1221 1561 videbatur
1244 1512 1367 1560 mihi
1394 1513 1445 1560 in
1470 1513 1659 1561 Lehrsii

122 1592 405 1640 memoriam
437 1591 660 1655 impium.
733 1591 915 1639 Tamen
950 1591 1131 1639 iterum
1156 1591 1217 1639 de
1242 1591 1503 1639 manifesta
1527 1609 1577 1639 re
1603 1598 1661 1639 ut

121 1669 279 1717 invito
315 1669 570 1717 dicendum
596 1669 675 1727 sit,
704 1667 939 1716 iniuriosa
974 1668 1190 1717 convicia
1224 1668 1546 1733 propulsandi
1582 1687 1661 1717 ex·

121 1747 268 1796 torsit
293 1746 570 1796 necessitas.
642 1747 817 1812 Itaque
845 1746 1062 1794 ‘nullum
1089 1764 1244 1795 unum
1267 1747 1475 1794 verbum
1494 1747 1661 1796 Victo-

122 1825 256 1872 riano
275 1824 497 1890 (eiusque
513 1824 673 1888 sociis)
691 1824 987 1873 credendum
1008 1842 1110 1872 esse
1122 1825 1130 1839 '
1142 1842 1252 1873 cum
1268 1823 1502 1873 Lehrsius
1518 1842 1661 1891 prop-

122 1910 199 1951 ter
224 1901 459 1951 nonnulla
484 1902 769 1951 scholiastae
795 1909 955 1951 errata
988 1902 1303 1951 conclusisset
1337 1902 1627 1967 (Aristarch.
1644 1910 1660 1934 2

122 2001 169 2047 p.
215 1983 311 2047 31),
360 1982 602 2030 mordicus
652 1981 742 2030 hoc
790 1988 928 2030 tenet
981 1981 1300 2029 Ludwichius
1359 1982 1660 2045 (Aristarchs

124 2060 409 2108 Textkritik
447 2059 470 2107 I
507 2078 552 2125 p.
587 2063 648 2108 88
686 2061 814 2124 sqq.)
847 2060 1081 2125 piumque
1118 2060 1265 2108 duxit
1300 2059 1659 2109 incredulorum

123 2139 438 2204 pertinaciam
475 2156 582 2186 cum
619 2138 957 2203 indignatione
994 2138 1244 2203 castigare.
1318 2137 1423 2204 Ego
1449 2138 1535 2203 qui
1572 2139 1657 2187 illo

125 2216 315 2264 Lelirsii
364 2215 545 2264 iudicio
599 2215 921 2280 multiplicem
970 2215 1118 2263 huius
1164 2215 1342 2264 codicis
1389 2216 1659 2264 utilitatem

125 2300 309 2358 quanto
334 2293 614 2340 litterarum
647 2292 824 2341 damno
859 2292 1253 2358 praecluderetur
1286 2300 1528 2357 perpetuo
1564 2312 1658 2341 usu

126 2370 412 2428 didicissem,
462 2370 805 2418 Ludwichium
854 2370 1044 2419 duobus
1091 2371 1395 2436 argumentis
1443 2371 1515 2419 ita
1560 2371 1659 2420 fere

124 2449 365 2515 redargui.
436 2449 489 2498 Si
515 2448 625 2513 quis
657 2448 774 2497 testi
804 2448 1021 2497 ‘nullum
1057 2466 1211 2496 unum
1236 2448 1439 2497 verbum
1465 2449 1661 2497 creden-

125 2527 241 2575 dum
262 2527 381 2574 esse'
409 2526 604 2575 fortiter
629 2526 957 2584 adseveravit,
977 2526 1037 2574 ab
1062 2544 1117 2575 eo
1147 2531 1280 2574 certe
1304 2526 1657 2591 postulandum

126 2611 214 2662 est,
243 2622 302 2652 ne
328 2605 428 2669 ipse
455 2604 557 2653 sine
588 2604 794 2653 aliorum
831 2604 1070 2670 praesidio
1104 2604 1225 2653 testi
1260 2604 1415 2652 eidem
1441 2622 1659 2668 unquam

126 2681 351 2732 confidat.
411 2682 650 2747 Alioquin
676 2690 901 2747 apertum
926 2689 1014 2740 est,
1034 2682 1223 2731 conlabi
1251 2681 1372 2729 illud
1397 2682 1527 2746 quod
1555 2682 1659 2746 ipse

126 2759 416 2808 adfirmavit.
488 2761 593 2809 Hoc
630 2761 691 2809 ad
728 2760 1067 2810 Ludwichium
1105 2760 1350 2818 transtuli,
1375 2778 1485 2808 cum
1523 2760 1660 2808 scho-

183 2896 193 2916 ¹
224 2895 293 2933 Ex.
315 2909 371 2945 gr.
393 2896 438 2933 cs.
455 2895 895 2948 Rocmchitzungsber.
917 2897 952 2936 d.
976 2897 1089 2947 Bayr.
1105 2896 1179 2935 Ak.
1202 2896 1237 2936 d.
1260 2895 1372 2935 Wiss.
1400 2898 1498 2942 1884
1522 2909 1557 2946 p.
1583 2908 1655 2945 3¹1

126 2949 214 2988 adn.
