1979 3249
229 124 255 148 x
821 107 1170 151 PRAEFATIO.

230 224 348 272 doro
386 224 594 273 electore
631 224 818 272 Romae
855 222 1115 287 coemptis1
1142 223 1193 271 in
1219 223 1468 289 publicam
1503 225 1760 276 bibliothe-

228 320 331 350 cam
359 303 699 351 Monacensem
725 300 964 366 pervenit.
1005 300 1233 367 Magnam
1259 302 1527 351 Victoriani
1546 311 1761 369 partem2

229 380 548 428 Immanuelis
567 379 781 428 Bekkeri
800 378 951 427 editio
970 378 1196 444 princeps
1213 380 1458 445 repetivit,
1474 381 1761 448 plerumque

227 465 394 506 tamen
428 476 538 506 cum
575 464 843 506 ceterarum
868 457 1086 505 codicum
1122 458 1353 506 memoria
1388 459 1461 507 ita
1495 460 1757 520 confusam,

227 543 286 584 ut
320 542 561 601 quantum
598 535 673 583 illi
709 534 959 593 debeatur,
999 542 1086 584 aut
1122 554 1293 601 reapse
1330 537 1640 585 obscuratum
1679 539 1759 596 sit,

227 620 315 662 aut
339 614 571 662 videatur
602 613 777 662 saltem
813 613 1073 663 obscurari.
1126 614 1332 663 Accedit
1358 615 1491 679 quod
1515 622 1566 664 et
1596 616 1761 664 omisit

224 710 314 740 nec
354 710 510 757 pauca
545 710 635 740 nec
675 691 854 757 pusilla
892 691 1144 740 Bekkerus
1186 698 1237 740 et
1276 693 1498 741 notulam
1541 711 1678 741 suam
1715 694 1760 743 V

226 770 470 819 immerito
496 770 787 819 scholiorum
812 770 943 834 parti
980 770 1277 835 subscripsit.
1351 770 1431 818 Ita
1455 771 1638 819 factum
1672 775 1760 830 est,

226 856 285 897 ut
325 849 549 897 addenda
595 848 816 897 tollenda
864 847 1182 912 significanda
1229 849 1502 897 accuratius
1548 849 1759 914 denique

225 927 510 992 corrigenda
535 945 596 975 ex
621 926 729 991 ipso
753 926 1034 974 Victoriano
1059 944 1311 991 superesse
1342 944 1576 992 perquam
1600 927 1760 977 multa

225 1023 334 1053 cum
360 1005 444 1052 alii
461 1011 476 1035 3
502 1011 610 1052 tum
629 1022 719 1069 ego
744 1003 1033 1053 conferendo
1060 1003 1202 1052 :facile
1227 1022 1577 1069 cognoscerem.

295 1083 401 1132 Scio
437 1083 647 1131 alterum
684 1083 770 1148 qui
806 1088 919 1147 post-
956 1082 1226 1130 Victorium
1264 1081 1592 1147 Townleyano
1627 1084 1760 1148 apud

227 1161 469 1210 Salviatos
501 1179 618 1209 usus
643 1168 720 1209 est
752 1161 971 1208 Donium
997 1160 1341 1208 Florentinum
1369 1161 1757 1226 (1594—1647)‚

224 1239 482 1288 cardinalis
518 1239 792 1287 Barberinii
829 1239 1090 1288 notarium.
1165 1239 1265 1298 Qui
1301 1256 1427 1303 quae
1452 1246 1760 1304 excerpserat

225 1336 380 1383 pauca
417 1317 504 1366 illa
538 1318 735 1383 quidem
778 1324 828 1366 et
866 1317 1210 1382 Porphyriana
1247 1316 1559 1381 potissimum
1597 1317 1759 1366 Lucae

225 1396 487 1444 Holstenio
527 1396 892 1460 Hamburgensi
927 1393 1297 1459 (1596—1661)
1339 1411 1427 1442 suo
1464 1395 1596 1459 apud
1643 1395 1758 1442 Bar-

223 1474 464 1523 berinium
483 1475 622 1533 socio,
639 1491 749 1522 cum
766 1473 1037 1538 Porphyrio
1057 1489 1252 1538 operam
1271 1478 1489 1529 navaret,
1509 1472 1716 1522 tradidit
1726 1478 1756 1520 4.

222 1590 385 1626 magnus
424 1580 464 1614 et
498 1590 574 1614 non
612 1579 769 1614 tantum
806 1574 923 1613 huius
961 1574 1180 1613 academiae
1219 1576 1258 1611 et
1298 1573 1452 1624 patriae
1495 1578 1649 1612 nostrae
1691 1574 1758 1612 sed

220 1632 423 1669 universae
462 1631 652 1670 Saxoniae
692 1634 896 1668 aeternum
935 1629 1063 1676 decus,
1092 1629 1160 1678 qui
1194 1628 1299 1678 apud
1328 1628 1374 1666 cl.
1404 1642 1438 1666 v.
1480 1629 1640 1667 Petrum
1669 1629 1756 1667 Vic-

220 1686 366 1726 torium
405 1700 449 1723 ea
493 1686 567 1723 sibi
610 1684 773 1722 describi
812 1688 1037 1721 curaverat:
1086 1697 1203 1733 penes
1241 1682 1344 1720 hunc
1386 1682 1489 1719 enim
1529 1683 1560 1721 si
1598 1696 1676 1720 non
1715 1683 1757 1720 in

219 1745 428 1790 utramque
457 1741 604 1785 ποίησιν,
632 1742 674 1776 at
700 1739 741 1776 in
772 1739 937 1776 alteram
966 1738 1027 1776 vel
1056 1737 1251 1788 plusculos
1283 1737 1366 1774 eius
1396 1737 1528 1783 libros,
1558 1737 1599 1774 ni
1629 1737 1756 1782 fallor,

219 1799 333 1832 erant
353 1808 445 1831 msc.
465 1793 580 1831 huius
602 1793 754 1831 scholia.
814 1791 990 1830 Caselius
1015 1805 1103 1829 cum
1128 1791 1283 1841 excerpi
1309 1795 1483 1828 curasset
1503 1804 1602 1840 quae
1628 1791 1669 1828 in
1689 1791 1757 1829 IX

218 1849 331 1886 illum
360 1849 505 1886 librum
535 1847 681 1898 scripta
715 1851 827 1885 erant
861 1860 980 1896 eaque
1011 1846 1079 1883 diu
1111 1846 1365 1889 adservasset‚
1392 1845 1562 1891 tandem,
1594 1848 1640 1882 ut
1671 1848 1756 1883 erat

219 1903 349 1941 animo
369 1903 410 1939 in
431 1917 490 1939 me
511 1901 810 1952 propensissimo
831 1905 871 1939 et
892 1900 1033 1939 studiis
1054 1900 1150 1938 meis
1170 1899 1397 1950 praesertim
1418 1899 1567 1949 graecis
1587 1899 1756 1937 maxime

220 1958 414 2007 cupiebat,
437 1957 533 1994 mihi
554 1956 714 1994 donavit
735 1961 853 2006 utque
875 1955 1026 1993 ederem
1055 1955 1189 1992 iussit'
1213 1958 1286 1992 etc.
1344 1953 1525 1991 Ioannem
1559 1954 1757 1991 Caselium

219 2026 320 2049 anno
364 2014 464 2060 1565
498 2011 718 2048 Florentiae
751 2010 900 2060 degisse
938 2023 986 2046 ex
1017 2009 1184 2059 quadam
1216 2007 1388 2047 Victorii
1422 2008 1471 2046 ad
1505 2008 1756 2046 Joachimum

218 2066 462 2103 Fridericum
484 2066 747 2103 Marchionem
769 2064 1183 2112 Brandenburgensem
1214 2062 1381 2111 epistula
1407 2062 1675 2112 consequitur:
1706 2063 1752 2100 cf.

219 2124 228 2139 ‘
243 2119 407 2157 Victorii
428 2123 467 2157 et
487 2119 630 2158 Caselii
650 2120 838 2168 epistulae
854 2120 861 2133 '
878 2117 1122 2155 Francoforti
1149 2125 1247 2164 1597
1270 2130 1307 2166 p.
1330 2129 1394 2162 42.

273 2175 285 2195 ¹
318 2175 376 2212 Cf.
398 2174 561 2212 Hardtii
582 2174 801 2221 catalogum
823 2172 843 2208 I
864 2187 900 2222 p.
930 2185 974 2220 91
993 2185 1002 2210 t
1031 2172 1121 2208 hinc
1147 2170 1372 2207 Dindorfius
1393 2169 1467 2207 vol.
1489 2169 1556 2207 III
1575 2184 1610 2219 p.
1632 2169 1725 2208 IX*.

272 2230 286 2251 ²
309 2229 394 2266 Iam
416 2229 578 2265 Villoiso
602 2242 634 2265 a.
661 2229 762 2275 1788
784 2240 831 2265 ex
860 2226 1053 2276 Lipsiensi
1084 2226 1219 2263 horum
1244 2224 1476 2262 scholiorum
1505 2229 1657 2274 partem
1679 2224 1754 2262 Ve-

218 2283 321 2321 netis
349 2284 385 2321 A
413 2286 451 2320 et
483 2283 518 2319 B
551 2282 794 2320 adiunxerat.
866 2281 1107 2330 Lipsiensem
1141 2284 1268 2318 totum
1301 2279 1426 2316 edidit
1459 2279 1503 2317 L.
1531 2278 1753 2317 Bachmann

218 2338 391 2389 (Lipsiae
418 2337 634 2386 1835-38),
655 2336 701 2373 de
722 2350 799 2385 quo
820 2336 866 2373 cf.
890 2336 1023 2372 Herm.
1046 2335 1143 2372 XIX
1164 2348 1199 2384 p.
1224 2335 1313 2381 265.

272 2394 285 2414 ⁸
316 2393 373 2430 Cf.
404 2392 584 2429 Roemeri
605 2395 613 2410 ‘
628 2391 674 2428 de
694 2390 847 2428 scholiis
867 2389 1104 2427 Victorianis
1125 2387 1344 2426 Homericis
1360 2386 1368 2400 ’
1389 2386 1753 2426 commentationem

219 2446 397 2485 Monachi
423 2449 535 2494 1874.

272 2504 285 2522 ‘¹
316 2507 324 2523 ‘
340 2502 398 2538 De
419 2500 501 2538 vita
525 2503 564 2537 et
590 2498 748 2549 scriptis
775 2496 981 2546 Porphyrii
1011 2495 1254 2546 philosophi’
1274 2509 1311 2545 p.
1334 2504 1383 2542 47
1405 2498 1611 2545 postquam
1636 2507 1753 2543 quae-

218 2556 388 2594 stionum
423 2553 780 2604 Porphyrianarum
814 2551 984 2590 codicem
1014 2551 1253 2590 Vaticanum
1293 2549 1623 2595 commemoravit,
1658 2549 1753 2587 haec

215 2610 391 2649 addidit:

272 2670 280 2686 ⁶
296 2664 393 2701 Tum
418 2666 457 2700 et
477 2661 577 2699 illud
596 2661 667 2699 hoc
690 2661 772 2698 loco
793 2659 1036 2703 monendum,
1058 2661 1212 2696 exstare
1232 2657 1453 2695 Florentiae
1474 2656 1580 2706 apud
1600 2657 1752 2694 Ducem

218 2718 436 2756 Salviatum
476 2716 621 2754 scholia
659 2715 822 2764 antiqua
860 2714 900 2751 in
941 2714 1098 2750 Poetam
1137 2714 1310 2749 ἀδέσποτα
1341 2715 1379 2748 et
1412 2712 1548 2749 multis
1582 2711 1624 2748 in
1657 2710 1751 2749 locis

217 2776 412 2810 vetustate
451 2784 575 2816 exesa,
607 2783 703 2819 quae
731 2768 910 2806 nonnulli
950 2766 1174 2816 Porphyrio‚
1204 2766 1272 2803 alii
1311 2765 1429 2803 etiam
1465 2765 1751 2815 antiquioribus

217 2827 440 2863 auctoribus
460 2825 650 2862 tribuunt.
708 2823 791 2871 Ego
821 2826 865 2859 ut
888 2820 1094 2871 Porphyrii
1122 2834 1198 2857 non
1228 2833 1305 2857 esse
1335 2823 1442 2857 certo
1471 2819 1597 2865 credo,
1617 2818 1675 2856 ita
1702 2818 1750 2856 de

217 2879 387 2918 auctoris
417 2883 545 2917 aetate
573 2878 672 2915 nihil
700 2881 844 2914 temere
871 2874 1091 2926 pronuntio.
1151 2874 1318 2911 Gustum
1353 2873 1556 2923 praebebit
1585 2871 1751 2910 eruditis

216 2933 454 2982 principium
500 2932 640 2982 operis,
689 2931 790 2981 quod
837 2928 1123 2967 eruditissimus
1169 2928 1419 2977 antiquitatis
1463 2926 1750 2978 pervestigator

217 2987 384 3026 Ioannes
414 2987 526 3036 Bapt.
558 2986 706 3025 Donius
735 2997 882 3023 mecum
913 2983 1235 3022 communicavit:
1276 2985 1370 3029 μῆνιν
1391 2984 1480 3018 ἄειδε
1506 2979 1584 3035 θεά]
1611 2983 1751 3027 ζητοῦσι
