1979 3249
764 83 1114 124 PRAEFATIO.

1607 85 1711 125 xxxi

165 202 302 245 τοῦτο
334 199 594 245 πεπονθέναι
631 198 776 254 αὐτόν,
813 200 907 245 καθ’
946 198 992 245 ὃν
1028 198 1191 263 χρόνον
1223 197 1456 262 Ἠρακλῆς
1489 198 1712 262 ἐπόρθησε

167 275 323 323 Πύλον
364 277 434 323 καὶ
480 277 896 341 προσεμυθεύσαντο
942 276 1051 323 ἰ’ὃιον
1097 275 1303 338 διήγημα,
1351 275 1463 339 ὅπερ
1511 276 1712 339 ἀνωτέρω

851 360 870 369 Α

165 355 341 410 εἴπομεν
363 353 554 419 [ε’ίσομεν
571 354 695 419 cod]
718 354 789 401 ἐπὶ
815 377 892 409 της
906 353 1058 420 ”Ηρας
1081 355 1125 401 ἐν
1142 358 1199 418 τῇ
1225 352 1314 420 πρὸ
1334 354 1495 410 ταύτης
1518 355 1713 419 ἱστορίᾳ.

234 517 480 582 Denique,
503 523 560 565 ut
594 516 794 565 mittam
831 521 1043 566 ceteram
1079 517 1358 583 eclogarum
1393 515 1582 572 seriem,
1607 516 1706 565 duo

167 596 296 644 sexti
333 596 446 644 libri
487 595 752 644 summaria
793 613 855 643 ex
892 595 935 643 R
971 601 1023 643 eb
1065 595 1135 643 La
1181 594 1431 659 adscripta
1475 594 1708 652 conferas,

167 692 374 738 quorum
417 673 627 721 asterum
670 672 909 720 diversam
955 673 1123 738 prodit}
1168 672 1501 720 recensionem
1548 672 1708 721 adhuc

168 752 402 817 ignotam,
429 750 631 799 eandem
657 750 892 800 alterum:

414 940 425 955 9
487 940 500 954 Χ
565 943 582 953 ἢ
643 926 669 931 —

406 958 506 995 αρχη
537 958 606 993 της
639 943 669 993 ζ

220 1043 488 1091 ἀπαλλαγέντων
508 1045 555 1081 εἷς
570 1044 819 1090 τὸν”Ολυμπον
837 1047 904 1080 τῶν

166 1106 376 1154 ἀμφοτέροις
393 1109 464 1144 τοῖς
484 1107 719 1155 στρατεύμασι
733 1106 902 1152 βοηθούν-

165 1185 233 1205 των
261 1170 346 1205 θεῶν
373 1170 481 1206 πλέον
514 1170 723 1217 ἰσχύσαντες
757 1172 789 1206 οἱ
813 1169 901 1204 ’Έλ-

165 1234 265 1277 ληνες
284 1233 464 1268 διώκουσιν
483 1233 563 1280 ἶίχρι
582 1236 643 1268 τοῦ
669 1233 804 1279 τείχους
823 1233 903 1270 τοὺς

165 1295 348 1340 πολεμίους
387 1297 439 1330 καὶ
477 1295 557 1343 παρ’
595 1296 716 1343 ὀλίγον
753 1297 801 1333 εἷς
841 1297 902 1341 τὴν

167 1360 270 1392 πόλιν
299 1357 442 1406 φεύγειν
470 1358 675 1406 ἠνάγκασαν,
704 1360 733 1395 εἷ
758 1360 803 1405 μὴ
830 1362 903 1396 ταῖς

166 1420 308 1455 Ἑλένου
338 1423 399 1456 τοῦ
433 1422 583 1466 μάντεως
612 1421 796 1467 ὑποθήκαις
829 1437 901 1457 πει-

168 1483 264 1519 σθεὶς
286 1485 304 1518 ὁ
327 1483 481 1530 ἀδελφὸς
495 1483 628 1531 ’Ἕκτωρ
652 1485 847 1530 ἄντιστῆναί
864 1501 901 1520 τε

167 1546 248 1582 τοὺς
272 1549 388 1594 Τρῶας
415 1549 487 1583 τοῖς
514 1547 666 1593 Ἀχαιοῖς
692 1549 901 1595 παρώρμησε

167 1610 221 1644 καὶ
241 1609 342 1645 αὐτὸς
361 1609 407 1645 εἷς
425 1609 485 1654 τὴν
499 1612 603 1645 πόλιν
616 1610 798 1657 ἀπηλλάγη
814 1626 898 1657 προ-

166 1672 378 1718 τρεψόμενός
411 1687 448 1707 τε
481 1672 542 1717 τὴν
574 1673 703 1720 μητέρα
733 1673 901 1717 εὔξασθαι

165 1736 235 1770 τοῖς
256 1735 344 1771 θεοῖς
364 1735 445 1770 κατὰ
469 1739 537 1770 τῶν
556 1735 733 1781 Ἑλλήνων
759 1737 812 1771 καὶ
840 1737 900 1771 τὸν

163 1794 392 1843 Ἀλέξανδρον
410 1799 569 1845 προάξων
598 1794 775 1849 [προάγων
797 1795 898 1850 COd.]

165 1863 214 1899 εἷς
246 1864 306 1908 τὴν
334 1864 458 1910 μάχην·
506 1863 541 1900 ἐν
574 1865 610 1899 δὲ
642 1867 690 1913 τῷ
721 1864 805 1901 τέως
838 1880 901 1900 συ-

167 1926 310 1963 στάντες
333 1926 379 1963 εἷς
404 1927 615 1973 μονομαχίαν
641 1929 789 1965 Γλαῦκός
817 1943 854 1963 τε
882 1929 901 1964 ὁ

165 1988 376 2035 Ἱππολόχου
397 1992 450 2025 καὶ
470 1990 640 2036 Διομήδης
659 1992 678 2027 ὁ
698 1991 830 2028 Τυδέως
849 1992 902 2026 καὶ

165 2052 395 2099 γνωρίσαντες
427 2052 600 2098 ἀλλήλους
634 2054 669 2089 ἐκ
701 2056 902 2101 προγονικῆς

167 2115 287 2160 φιλίας
320 2115 436 2160 ξένους
466 2116 679 2162 ὑπάρχοντας
712 2117 902 2154 ἀντιδόντες

165 2179 227 2213 τὰς
241 2178 432 2214 πανοπλίας
445 2178 661 2223 διελύθησαν·
686 2181 704 2214 ὁ
720 2180 757 2214 δὲ
766 2179 900 2226 ’Ἕκτωρ

170 2239 217 2275 εἷς
235 2240 294 2283 τὴν
313 2241 415 2275 πόλιν
434 2240 638 2286 ἀφικόμενος·
657 2244 697 2286 τῇ
718 2243 780 2287 μὲν
799 2243 901 2289 μητρὶ

166 2301 294 2346 Ἑκάβῃ
314 2302 488 2348 παρῄνεσε
506 2303 566 2339 τὰς
593 2304 677 2350 ὑπὲρ
700 2307 768 2339 τῶν
786 2304 902 2351 φίλων

167 2364 333 2399 ἐπιτελεῖν
352 2365 465 2411 εὐχάς,
486 2366 586 2402 αὐτὸς
606 2367 642 2401 δέ
662 2367 720 2401 τὸν
739 2366 902 2413 Ἀλέξαν-

168 2427 252 2473 δρον
281 2427 328 2463 εἷς
356 2429 469 2474 μάχην
496 2429 680 2475 προελθεῖν
709 2430 902 2476 ἐπιρρώσας

166 2491 220 2524 καὶ
245 2492 286 2534 τῇ
316 2486 389 2541 [δία
419 2487 519 2542 cod]
548 2493 678 2538 γυναικὶ
710 2493 901 2538 διαλεχθεὶς

170 2548 474 2602 [προσ-διαλεχθεὶς
488 2550 756 2606 (30(1.]πρόεισιν
771 2551 899 2605 [προσ-

166 2615 255 2658 εισίη
294 2612 395 2667 cod]
438 2617 485 2653 εἷς
521 2618 560 2651 τὸ
593 2618 709 2652 πεδίον
750 2614 901 2668 [παιδίον

167 2673 268 2728 cod]
289 2678 354 2713 σὺν
372 2681 421 2728 τῷ
439 2679 581 2729 ἀδελφῷ
602 2679 725 2728 Πάριδι
746 2680 791 2718 R.

1022 906 1210 949 ὑπόθεσις
1240 907 1305 957 τῆς
1339 909 1365 958 ζ
1387 903 1562 958 Ὁμήρου
1590 905 1662 958 ῥα-

1259 975 1427 1029 ψῳδίας.

1026 1053 1093 1085 τῶν
1113 1050 1199 1085 θεῶν
1218 1050 1446 1086 ἀποστάντων
1468 1051 1527 1095 τῆς
1546 1048 1659 1094 μάχης
1678 1051 1710 1084 οἱ

966 1112 1136 1158 ’Έλληνες
1154 1114 1309 1150 πολλοὺς
1328 1113 1506 1160 ἀναιροῦσι
1525 1115 1592 1147 τῶν
1615 1113 1710 1158 Τρώ-

971 1186 1027 1211 ων·
1056 1176 1198 1211 Ἑλένου
1224 1177 1260 1210 δέ
1283 1174 1613 1222 συμβουλεύσαντος
1627 1174 1710 1210 ’Έκ-

969 1254 1038 1285 τωρ
1059 1239 1105 1275 εἷς
1124 1239 1185 1284 τὴν
1202 1240 1307 1274 πόλιν
1329 1239 1440 1273 ι’ίνεισι
1461 1239 1513 1273 καὶ
1539 1240 1580 1282 τῇ
1608 1239 1710 1284 μητρὶ

968 1300 1096 1345 Ἑκάβῃ
1113 1299 1263 1336 κελεύει1
1278 1301 1443 1346 εὔξασθαι
1458 1303 1498 1346 τῇ
1513 1300 1639 1345 Ἀθηνᾷ
1657 1301 1709 1336 καὶ

970 1363 1191 1410 ὑποσχέσθαι
1211 1365 1294 1409 αὐτῇ
1316 1365 1446 1400 δώδεκα
1459 1366 1553 1406 βοῶν
1573 1364 1707 1408 θυσίαν,

971 1426 1062 1463 ὅπως
1098 1429 1158 1462 τὸν
1191 1426 1364 1472 Διομήδην
1401 1426 1612 1471 ἀποστήσειε
1649 1428 1710 1472 τῆς

970 1489 1091 1535 μάχης·

1025 1864 1109 1902 τέως
1137 1866 1175 1901 δέ
1201 1865 1307 1902 ι’)’ντων
1332 1867 1440 1903 αὐτῶν
1467 1867 1502 1903 ἐν
1529 1871 1576 1917 τῷ
1601 1867 1705 1918 πεδίῳ

971 1930 1121 1964 Γλαῦκος
1147 1931 1201 1964 καὶ
1225 1930 1393 1976 Διομήδης
1418 1930 1707 1978 ἆναγνωρίσαντες

969 1992 1093 2037 φιλίαν
1135 1993 1327 2039 πατρικὴν2
1365 1993 1622 2029 διαλλάσσουσι
1663 1995 1705 2029 τὰ

970 2053 1061 2089 ὅπλα
1080 2054 1258 2100 ἀλλήλοις.

969 2118 1009 2161 τῇ
1024 2118 1124 2163 μητρὶ
1140 2119 1192 2152 καὶ
1207 2121 1247 2162 τῇ
1260 2120 1390 2166 γυναικὶ
1407 2119 1620 2166 Ἀνδρομάχῃ
1640 2121 1705 2156 σὺν

1308 2055 1442 2103 ’Ἕκτωρ
1459 2057 1493 2091 δὲ
1515 2057 1706 2103 διαλεχθεὶς

969 2182 1016 2228 τῷ
1041 2179 1183 2228 ἀδελφῷ
1209 2180 1424 2231 Ἀλεξάνδρῳ
1448 2183 1496 2219 εἷς
1521 2184 1580 2218 τὸν
1598 2185 1704 2218 πόλε-

968 2256 1033 2288 μον
1051 2242 1177 2286 ἔξεισιν
1196 2242 1263 2281 La.

221 2804 234 2826 ¹
263 2807 392 2851 Ἑκάβῃ
422 2808 550 2844 κελεύει
577 2809 696 2848 etiam
725 2810 946 2863 Par(isinus
976 2813 1144 2853 Bekkeri
1173 2814 1246 2854 vol.
1273 2814 1328 2855 iii.
1357 2830 1395 2869 p.
1418 2817 1535 2871 687):
1575 2818 1704 2857 κελεύει

164 2859 292 2906 Ἑκάβῃ
313 2861 425 2899 Eust.

221 2912 235 2965 ‚²
262 2916 382 2962 φιλίαν
406 2918 568 2965 πατρικὴν
589 2918 706 2959 etiam
727 2920 835 2962 Pan:
866 2922 1024 2973 πατρῴαν
1043 2924 1164 2971 φιλίαν
1183 2923 1293 2963 Eust.
